end;AccountsPayableCurrent;AccrualForEnvironmentalLossContingencies;AccumulatedDepreciationDepletionAndAmortizationPropertyPlantAndEquipment;AccumulatedOtherComprehensiveIncomeLossAvailableForSaleSecuritiesAdjustmentNetOfTax;AccumulatedOtherComprehensiveIncomeLossDefinedBenefitPensionAndOtherPostretirementPlansNetOfTax;AccumulatedOtherComprehensiveIncomeLossForeignCurrencyTranslationAdjustmentNetOfTax;AccumulatedOtherComprehensiveIncomeLossNetOfTax;AdditionalPaidInCapitalCommonStock;AllowanceForDoubtfulAccountsReceivableCurrent;Assets;AssetsCurrent;AvailableForSaleSecurities;CashAndCashEquivalentsAtCarryingValue;CashCashEquivalentsRestrictedCashAndRestrictedCashEquivalents;CommonStockValue;ComprehensiveIncomeNetOfTax;ComprehensiveIncomeNetOfTaxAttributableToNoncontrollingInterest;ComprehensiveIncomeNetOfTaxIncludingPortionAttributableToNoncontrollingInterest;CostOfGoodsSold;CostOfServices;CostsAndExpenses;DeferredCompensationLiabilityClassifiedNoncurrent;DeferredIncomeTaxAssetsNet;DepreciationDepletionAndAmortization;DiscontinuedOperationTaxEffectOfDiscontinuedOperation;DividendsCommonStock;EffectOfExchangeRateOnCashAndCashEquivalents;EmployeeRelatedLiabilitiesCurrent;GainsLossesOnExtinguishmentOfDebt;GeneralAndAdministrativeExpense;Goodwill;IncomeLossFromContinuingOperations;IncomeLossFromContinuingOperationsBeforeIncomeTaxesExtraordinaryItemsNoncontrollingInterest;IncomeLossFromContinuingOperationsIncludingPortionAttributableToNoncontrollingInterest;IncomeLossFromDiscontinuedOperationsNetOfTax;IncomeLossFromDiscontinuedOperationsNetOfTaxAttributableToReportingEntity;IncomeTaxExpenseBenefit;IncomeTaxesPaidNet;IncreaseDecreaseInAccountsPayable;IncreaseDecreaseInAccountsReceivable;IncreaseDecreaseInInventories;InterestIncomeExpenseNonoperatingNet;InterestPaidNet;InventoryFinishedGoodsNetOfReserves;InventoryLIFOReserve;InventoryNet;InventoryRawMaterialsAndSupplies;InventoryValuationReserves;InventoryWorkInProcess;InvestmentIncomeInterest;LIFOInventoryAmount;Liabilities;LiabilitiesAndStockholdersEquity;LiabilitiesCurrent;LongTermDebtAndCapitalLeaseObligations;LongTermDebtCurrent;LongTermDebtNoncurrent;MinorityInterest;NetCashProvidedByUsedInFinancingActivities;NetCashProvidedByUsedInInvestingActivities;NetCashProvidedByUsedInOperatingActivities;NetIncomeLoss;NetIncomeLossAttributableToNoncontrollingInterest;OperatingIncomeLoss;OperatingLeaseLiabilityCurrent;OperatingLeaseLiabilityNoncurrent;OperatingLeaseRightOfUseAsset;OtherAssetsCurrent;OtherAssetsNoncurrent;OtherComprehensiveIncomeLossNetOfTax;OtherComprehensiveIncomeOtherNetOfTax;OtherLiabilitiesCurrent;OtherLiabilitiesNoncurrent;OtherNoncashIncomeExpense;OtherNonoperatingIncomeExpense;OtherRestructuringCosts;PaymentsForProceedsFromOtherInvestingActivities;PaymentsOfDividendsCommonStock;PaymentsToAcquireProductiveAssets;ProceedsFromPaymentsForOtherFinancingActivities;ProfitLoss;PropertyPlantAndEquipmentNet;ReceivablesNetCurrent;RestructuringCharges;RestructuringSettlementAndImpairmentProvisions;RetainedEarningsAccumulatedDeficit;RevenueFromContractWithCustomerIncludingAssessedTax;SalesRevenueGoodsNet;SalesRevenueNet;SalesRevenueServicesNet;StockholdersEquity;StockholdersEquityIncludingPortionAttributableToNoncontrollingInterest;StockholdersEquityOther;StockIssuedDuringPeriodValueShareBasedCompensation;StockRepurchaseProgramRemainingAuthorizedRepurchaseAmount1;TangibleAssetImpairmentCharges;TreasuryStockValue
2008-09-30;3126500000.0;;;-29845057.24703072;;-76026065.19709462;;;390780289.73774624;22309047820.81576;10139244898.6908;103432570.99407423;973000000.0;;2664672699.4082203;288000000.0;3000000.0;291000000.0;1055000000.0;2670000000.0;3802000000.0;;2927717070.234436;366990142.67876923;-1000000.0;151277755.79859674;-10000000.0;718564356.3558861;204691713.51848486;78000000.0;2670277297.9970236;672000000.0;-1819154857.0079083;265000000.0;0.0;0.0;-1390539730.943938;104537556.39951119;-18000000.0;;-65000000.0;-112147100.68757468;66000000.0;1430233832.73794;;1819673202.7187762;926532500.3425528;308364673.9370438;;6000000.0;159109949.4913944;14730197467.467398;22309047820.81576;4083576210.9747543;13038013811.965332;;10485945924.205078;24230179.65029287;1937000000.0;-465000000.0;381000000.0;672000000.0;3000000.0;1051000000.0;;;1231021033.9700644;829378993.782006;1529238934.575358;;;980722329.0855875;;346610483.1870883;-4000000.0;8405562.0313924;-53000000.0;154073586.22855058;518000000.0;42000000.0;675000000.0;7103237725.518311;2933860917.6333237;-252025222.66460425;-15968650224.192326;13227003488.933529;6804066935.683069;1245000000.0;5206841429.680025;3608000000.0;8418026315.021502;8324000000.0;;;5258089309.572372;-116839301.70674974;6886491044.816263
2009-03-31;800000000.0;;5067000000.0;-27506517.123170808;;-81263373.09630904;;;89000000.0;16337000000.0;8699000000.0;113701738.4391365;2967000000.0;;2667000000.0;288000000.0;3000000.0;291000000.0;828000000.0;2411000000.0;3291000000.0;;282554661.68359375;382367690.3550055;0.0;147626102.84064364;-10000000.0;487000000.0;217012539.52994362;52000000.0;1093000000.0;379000000.0;452514977.91271585;265000000.0;-1000000.0;-1000000.0;124000000.0;103283712.06751001;-18000000.0;;-65000000.0;-163802032.86788177;66000000.0;1220549970.9277878;;1716000000.0;486550768.3850147;310034825.67048556;74751965.76796803;2000000.0;83029142.90086715;7761000000.0;16337000000.0;2184000000.0;10206656573.678043;0.0;15475652635.723907;27000000.0;1937000000.0;-465000000.0;381000000.0;378000000.0;2000000.0;616000000.0;;864463484.6750205;168259370.6641134;497000000.0;981000000.0;;;513000000.0;538000000.0;363215824.81780326;-5000000.0;7996684.034421498;-53000000.0;151415817.4825858;518000000.0;42000000.0;380000000.0;5564000000.0;3098000000.0;201108276.59369248;-2995145258.6142697;10702000000.0;7244379857.331999;957000000.0;4497016255.02631;2950000000.0;8549000000.0;8324000000.0;;;5426491221.352566;294752734.1216466;5015000000.0
2009-06-30;800000000.0;;5067000000.0;-18575781.39926792;127943225.26217031;-69498697.31646168;-213000000.0;;89000000.0;16337000000.0;8699000000.0;140372283.49338913;1568000000.0;;2667000000.0;288000000.0;3000000.0;291000000.0;807000000.0;2163000000.0;3018000000.0;;252454581.71899414;382404036.6646381;1000000.0;138142220.6020292;-9750000.0;487000000.0;209881260.74773034;48000000.0;1093000000.0;263000000.0;396872248.4769828;265000000.0;-1000000.0;-1000000.0;124000000.0;100027293.09035756;33250000.0;;-62250000.0;-168149870.2263086;82750000.0;1210117963.1780095;;1716000000.0;486550768.3850149;230696672.2915694;74751965.76796803;3000000.0;78266722.99749279;7761000000.0;16337000000.0;2184000000.0;9648253661.173244;0.0;10209576753.304464;27000000.0;1443500000.0;-591250000.0;365000000.0;262000000.0;3000000.0;476000000.0;;864463484.6750203;-63331189.798754334;497000000.0;981000000.0;;;513000000.0;538000000.0;353604673.7202721;-14000000.0;9098089.758160107;-51500000.0;143795147.78675085;489500000.0;34000000.0;265000000.0;5564000000.0;3098000000.0;-71505878.02478403;907655675.1572869;10702000000.0;6708807871.638276;952000000.0;4025062515.6571846;2542000000.0;8549000000.0;8324000000.0;;;5236932419.115112;-182875975.41495115;5015000000.0
2009-09-30;800000000.0;;5067000000.0;-9060410.644400045;127943225.26217031;-57741700.83722736;-213000000.0;;89000000.0;16337000000.0;8699000000.0;167025348.0788231;1675000000.0;;2667000000.0;258000000.0;4000000.0;262000000.0;796000000.0;2269000000.0;3114000000.0;;251507256.07543945;382407837.72274077;2000000.0;128664554.31091094;-9500000.0;487000000.0;206070352.93662235;49000000.0;1093000000.0;265000000.0;381303592.12685674;266000000.0;-3000000.0;-3000000.0;124000000.0;96773008.44267884;84500000.0;;-59500000.0;-172186174.1409402;99500000.0;1192483920.1027138;;1716000000.0;486550768.38501453;259377372.03547755;74751965.76796803;3000000.0;80302273.44006407;7761000000.0;16337000000.0;2184000000.0;9929689536.040344;0.0;12315716934.87124;27000000.0;950000000.0;-717500000.0;349000000.0;262000000.0;4000000.0;474000000.0;;864463484.6750203;152180327.06676424;497000000.0;981000000.0;;;513000000.0;538000000.0;348468538.6861639;-4000000.0;8588507.790790522;-50000000.0;137105974.72481877;461000000.0;26000000.0;266000000.0;5564000000.0;3098000000.0;-50697557.92332995;-116389854.0521341;10702000000.0;7062979998.597144;943000000.0;4134765343.3301344;2645000000.0;8549000000.0;8576000000.0;;;5398674065.981606;-133915878.53433979;5015000000.0
2009-12-31;882000000.0;48000000.0;5236500000.0;1000000.0;143000000.0;-67000000.0;-213000000.0;;88500000.0;16658500000.0;8756500000.0;189740073.95815468;1529000000.0;;2668000000.0;331000000.0;3666666.6666666665;238000000.0;791000000.0;2371000000.0;3213000000.0;;57445841.79577637;383620795.20886683;2500000.0;120587337.10804619;-9250000.0;503500000.0;202042793.73588237;53500000.0;1115500000.0;238000000.0;380949074.77134955;338333333.3333333;-4000000.0;-4000000.0;122500000.0;93999586.89228287;135750000.0;;-56750000.0;-180151689.06255984;116250000.0;1215000000.0;33000000.0;1687000000.0;493000000.0;92000000.0;59000000.0;3000000.0;81000000.0;7890500000.0;16658500000.0;2664500000.0;8504141993.35331;375000000.0;1345383531.0887637;28000000.0;456500000.0;-843750000.0;333000000.0;234000000.0;2500000.0;461500000.0;250802526.6663657;742369572.9182056;-160333316.1531701;519000000.0;1014500000.0;;;523500000.0;582000000.0;343040412.6494827;-22000000.0;8094569.064520106;-48500000.0;129759137.88041078;432500000.0;18000000.0;236500000.0;5772000000.0;3137000000.0;66608576.073786795;-24917139653.049095;10845000000.0;5728228112.830583;929500000.0;4253112787.270466;2745000000.0;8740000000.0;8768000000.0;;;4944533380.286308;280653385.83394337;4965000000.0
2010-03-31;964000000.0;48000000.0;5406000000.0;1000000.0;143000000.0;-67000000.0;-211000000.0;;88000000.0;16980000000.0;8814000000.0;183323678.37755394;1383000000.0;;2669000000.0;404000000.0;3333333.3333333335;214000000.0;786000000.0;2473000000.0;3312000000.0;;3493742465.5317993;382170819.63898754;3000000.0;122868968.02181263;-9000000.0;520000000.0;189973848.3356566;58000000.0;1138000000.0;211000000.0;735000000.0;410666666.6666666;-5000000.0;-5000000.0;121000000.0;94783015.66327657;187000000.0;;-54000000.0;-76000000.0;133000000.0;1215000000.0;33000000.0;1658000000.0;493000000.0;92000000.0;59000000.0;3000000.0;81000000.0;8020000000.0;16980000000.0;3145000000.0;9696698888.04506;750000000.0;-99334288.206429;29000000.0;-37000000.0;-970000000.0;317000000.0;206000000.0;1000000.0;449000000.0;250802526.66636574;620275661.1613908;-250439330.22950196;541000000.0;1048000000.0;;;534000000.0;626000000.0;326774542.05713737;-40000000.0;8825963.576922545;-47000000.0;131428723.71251975;404000000.0;10000000.0;207000000.0;5980000000.0;3176000000.0;230930881.57776684;-49409002666.589455;10988000000.0;4541723377.926832;916000000.0;4665000000.0;2845000000.0;8931000000.0;8960000000.0;;;4989972120.842232;704399968.5059395;4915000000.0
2010-06-30;1069000000.0;48000000.0;5607000000.0;1000000.0;143000000.0;-67000000.0;-209000000.0;;87000000.0;17540000000.0;9203000000.0;176804758.50073433;1160000000.0;;2670000000.0;477000000.0;3000000.0;480000000.0;862000000.0;2716000000.0;3625000000.0;;3362080051.351074;388477360.22939676;-3000000.0;125187055.946486;-8500000.0;583000000.0;198637966.46723333;47000000.0;1132000000.0;474000000.0;735000000.0;483000000.0;6000000.0;6000000.0;200000000.0;95578962.4410507;195250000.0;;-750000.0;-76000000.0;133250000.0;1215000000.0;33000000.0;1767000000.0;493000000.0;92000000.0;59000000.0;3000000.0;81000000.0;8156000000.0;17540000000.0;3315000000.0;9689130147.41473;750000000.0;2357331.914132118;31000000.0;-30000000.0;-956750000.0;379000000.0;480000000.0;3000000.0;762000000.0;250802526.66636574;620275661.1613908;-247494521.89649105;614000000.0;1030000000.0;;;608000000.0;587000000.0;338451570.9649311;-9000000.0;7444499.644927341;-32250000.0;133124987.00088336;479000000.0;9250000.0;483000000.0;6175000000.0;3453000000.0;185833301.25054497;-215946265.58662575;11386000000.0;5029464717.326515;1016000000.0;4665000000.0;3371000000.0;9353000000.0;9384000000.0;;;5008855857.434265;-205188074.68792665;4851000000.0
2010-09-30;1095000000.0;47000000.0;5844000000.0;0.0;142000000.0;-67000000.0;-209000000.0;;86000000.0;18198000000.0;9216000000.0;-212488655.46495056;1875000000.0;;2670000000.0;544000000.0;1000000.0;545000000.0;894000000.0;2891000000.0;3847000000.0;;5178455973.023682;320000000.0;64000000.0;82000000.0;-8000000.0;666000000.0;90308316.94667158;62000000.0;1254000000.0;485000000.0;735000000.0;486000000.0;59000000.0;59000000.0;249000000.0;96000000.0;203500000.0;;52500000.0;-76000000.0;133500000.0;1320000000.0;33000000.0;1889000000.0;504000000.0;89000000.0;65000000.0;3000000.0;97000000.0;8345000000.0;18198000000.0;3333000000.0;11105642348.529472;750000000.0;-2758354186.400933;13000000.0;-23000000.0;-943500000.0;441000000.0;544000000.0;1000000.0;818000000.0;252782889.11403918;620275661.1613908;-180831487.36936283;605000000.0;1242000000.0;;2000000.0;603000000.0;743000000.0;49000000.0;-7000000.0;6627286.401534568;-17500000.0;82000000.0;554000000.0;8500000.0;545000000.0;6486000000.0;3723000000.0;348485121.2001222;-260823444.8550145;11848000000.0;4842704899.173567;1067000000.0;4665000000.0;3598000000.0;9840000000.0;9853000000.0;;;4929765557.624233;12662048.45683366;4773000000.0
2010-12-31;1233500000.0;47000000.0;6078500000.0;1500000.0;158500000.0;-66000000.0;-216428571.42857143;;112500000.0;18594000000.0;9122000000.0;-152018769.1428299;1452500000.0;;2674000000.0;528500000.0;500000.0;529000000.0;932000000.0;3159500000.0;4157500000.0;;6585230723.275635;320000000.0;32000000.0;82000000.0;-7500000.0;651500000.0;81785474.07286279;66000000.0;1288500000.0;498500000.0;738000000.0;499000000.0;29000000.0;29000000.0;239000000.0;96000000.0;211750000.0;;105750000.0;-72500000.0;133750000.0;1388000000.0;34500000.0;1994000000.0;546000000.0;94000000.0;60000000.0;2000000.0;110000000.0;8197500000.0;18594000000.0;3126000000.0;12278614090.290375;744900000.0;-3725614056.3560624;14500000.0;-16000000.0;-930250000.0;503000000.0;527500000.0;500000.0;816000000.0;253101266.25572044;621936138.3612834;-61201443.45143807;640000000.0;1316500000.0;;2000000.0;616500000.0;785500000.0;49000000.0;-5500000.0;5616955.420694664;-2750000.0;82000000.0;629000000.0;7750000.0;528000000.0;6867000000.0;3927500000.0;282475980.8066065;-230561579.75867885;12324000000.0;4932877584.350809;1079000000.0;4973500000.0;3894500000.0;10382000000.0;10396500000.0;;;4977638996.841103;-106690686.43511403;4737000000.0
2011-03-31;1372000000.0;47000000.0;6313000000.0;3000000.0;175000000.0;-66000000.0;-223857142.85714287;430000000.0;139000000.0;18990000000.0;9028000000.0;72616642.6576024;1030000000.0;;2678000000.0;513000000.0;0.0;513000000.0;970000000.0;3428000000.0;4468000000.0;477000000.0;8658497871.491333;320000000.0;0.0;82000000.0;-7000000.0;637000000.0;73262631.19905408;70000000.0;1323000000.0;512000000.0;741000000.0;512000000.0;-1000000.0;-1000000.0;229000000.0;96000000.0;220000000.0;;159000000.0;-69000000.0;134000000.0;1456000000.0;36000000.0;2099000000.0;588000000.0;99000000.0;55000000.0;1000000.0;123000000.0;8050000000.0;18990000000.0;2919000000.0;12828233779.46152;739800000.0;3824000000.0;16000000.0;-9000000.0;-917000000.0;565000000.0;511000000.0;0.0;814000000.0;253419643.3974018;623596615.5611761;38675204.43060744;675000000.0;1391000000.0;;2000000.0;630000000.0;828000000.0;49000000.0;-4000000.0;4606624.43985476;12000000.0;82000000.0;704000000.0;7000000.0;511000000.0;7248000000.0;4132000000.0;225098474.14247698;-200299714.66228217;12800000000.0;6268002859.270871;1091000000.0;5282000000.0;4191000000.0;10924000000.0;10940000000.0;;;5383886408.164509;-223386077.0051065;4701000000.0
2011-06-30;1554000000.0;46000000.0;6611000000.0;3000000.0;176000000.0;-64000000.0;-231285714.28571427;430000000.0;128000000.0;19956000000.0;9540000000.0;36810387.48748088;1438000000.0;;2680000000.0;740000000.0;2000000.0;742000000.0;1050000000.0;3659000000.0;4774000000.0;477000000.0;9683531655.740479;336250000.0;1000000.0;82250000.0;-5500000.0;706000000.0;68034766.2435894;65000000.0;1369000000.0;739000000.0;1093000000.0;741000000.0;0.0;0.0;352000000.0;113250000.0;191000000.0;;205750000.0;-63000000.0;131000000.0;1559000000.0;40000000.0;2235000000.0;621000000.0;104000000.0;55000000.0;2000000.0;129000000.0;8298000000.0;19956000000.0;3166000000.0;13003098073.81755;734700000.0;3824000000.0;16000000.0;-19000000.0;-869500000.0;607250000.0;739000000.0;2000000.0;1161000000.0;256249011.55622542;625257092.7610689;110157869.44434679;710000000.0;1421000000.0;;2000000.0;646000000.0;825000000.0;10250000.0;-5000000.0;4115123.242954472;7750000.0;82250000.0;723500000.0;13750000.0;741000000.0;7626000000.0;4448000000.0;315748263.1814577;-349820716.34119815;13456000000.0;6721679170.996376;1208000000.0;5935000000.0;4727000000.0;11642000000.0;11658000000.0;;;5405745146.144894;-97442205.8102001;4617000000.0
2011-09-30;1733000000.0;58000000.0;6842000000.0;1000000.0;175000000.0;-65000000.0;-238714285.7142857;430000000.0;141000000.0;21204000000.0;10306000000.0;-9420166.115784764;1775000000.0;;2682000000.0;680000000.0;2000000.0;682000000.0;1107000000.0;4030000000.0;5216000000.0;477000000.0;9589421652.099121;352500000.0;-19000000.0;82500000.0;-4000000.0;733000000.0;55308591.65482928;79000000.0;1373000000.0;848000000.0;1261000000.0;850000000.0;-165000000.0;-165000000.0;411000000.0;130500000.0;162000000.0;;252500000.0;-62000000.0;128000000.0;1675000000.0;42000000.0;2412000000.0;646000000.0;107000000.0;91000000.0;1000000.0;145000000.0;8828000000.0;21204000000.0;3656000000.0;12920182077.227219;729600000.0;3824000000.0;18000000.0;-29000000.0;-822000000.0;649500000.0;683000000.0;2000000.0;1332000000.0;232909165.03971827;626917569.9609615;162913388.93147683;712000000.0;1532000000.0;7000000.0;-4000000.0;921000000.0;871000000.0;-28500000.0;-9000000.0;2992205.52135857;3500000.0;82500000.0;743000000.0;20500000.0;685000000.0;7993000000.0;4769000000.0;378088673.723252;-486838010.6865284;14057000000.0;7268827662.29915;1302000000.0;6548000000.0;5246000000.0;12358000000.0;12376000000.0;;;5419924832.870502;2988033.9950703382;4571000000.0
2011-12-31;1837000000.0;68500000.0;7117500000.0;1000000.0;181333333.33333334;-66000000.0;-257530136.951568;454000000.0;130500000.0;22936000000.0;11162000000.0;-53736140.30559701;2215000000.0;;2682500000.0;657000000.0;2500000.0;659500000.0;1175500000.0;4131500000.0;5530500000.0;493000000.0;8181468742.146973;368750000.0;-7000000.0;82750000.0;-2500000.0;713000000.0;51341450.18189497;73500000.0;1669500000.0;741500000.0;1101500000.0;744000000.0;-86500000.0;-86500000.0;357500000.0;147750000.0;133000000.0;;299250000.0;-68000000.0;125000000.0;1862500000.0;41000000.0;2664000000.0;705000000.0;109000000.0;96500000.0;1500000.0;175000000.0;9816000000.0;22936000000.0;3983000000.0;12417151417.551968;;4322000000.0;19000000.0;-39000000.0;-774500000.0;691750000.0;655000000.0;2500000.0;1177500000.0;211903107.91135877;;178279956.96811473;753000000.0;1659500000.0;7000000.0;-2500000.0;1139500000.0;1018000000.0;-67250000.0;-8000000.0;3049995.1003393475;-750000.0;82750000.0;762500000.0;27250000.0;657500000.0;8445000000.0;5052500000.0;183053090.14446163;-268748533.3073107;14740500000.0;7945000120.917655;1373000000.0;6708000000.0;5335000000.0;13101000000.0;13120000000.0;;;5423064097.77018;56838928.178103685;4523000000.0
2012-03-31;1941000000.0;79000000.0;7393000000.0;500000.0;187666666.66666666;-66500000.0;-262603937.23398748;478000000.0;120000000.0;24668000000.0;12018000000.0;-96052114.49540931;2655000000.0;;2683000000.0;634000000.0;3000000.0;637000000.0;1244000000.0;4233000000.0;5845000000.0;509000000.0;6773515832.195435;385000000.0;5000000.0;83000000.0;-1000000.0;693000000.0;47374308.70896076;68000000.0;1966000000.0;635000000.0;942000000.0;638000000.0;-8000000.0;-8000000.0;304000000.0;165000000.0;104000000.0;;346000000.0;-74000000.0;122000000.0;2050000000.0;40000000.0;2916000000.0;764000000.0;111000000.0;102000000.0;2000000.0;205000000.0;10804000000.0;24668000000.0;4310000000.0;11914120757.876741;;4820000000.0;20000000.0;-49000000.0;-727000000.0;734000000.0;627000000.0;3000000.0;1023000000.0;190897050.78299937;;193646525.00475466;794000000.0;1787000000.0;7000000.0;-1000000.0;1358000000.0;1165000000.0;-106000000.0;-7000000.0;3107784.679320123;-5000000.0;83000000.0;782000000.0;34000000.0;630000000.0;8897000000.0;5336000000.0;307503957.14056814;-50659055.92806247;15424000000.0;8621172579.536163;1444000000.0;6868000000.0;5424000000.0;13844000000.0;13864000000.0;;;5426203362.669865;190812772.08729744;4475000000.0
2012-06-30;2113000000.0;75000000.0;7514000000.0;0.0;194000000.0;-67000000.0;-261000000.0;424000000.0;117000000.0;25571000000.0;12534000000.0;-61289401.1214568;2172000000.0;;2683000000.0;742000000.0;2000000.0;744000000.0;1328000000.0;4638000000.0;6033000000.0;512000000.0;5510041372.171875;400750000.0;-3000000.0;91250000.0;-2750000.0;789000000.0;45730699.39836639;67000000.0;1986000000.0;745000000.0;1104000000.0;747000000.0;-8000000.0;-8000000.0;357000000.0;158000000.0;117500000.0;;277000000.0;-80000000.0;122250000.0;2405000000.0;42000000.0;3297000000.0;773000000.0;110000000.0;119000000.0;2000000.0;160000000.0;11010000000.0;25571000000.0;4440000000.0;11801194670.033625;;4820000000.0;21000000.0;-73000000.0;-708000000.0;637750000.0;737000000.0;2000000.0;1201000000.0;199243003.42926848;;192718089.65077853;1391000000.0;1688000000.0;5000000.0;-1000000.0;1538000000.0;1238000000.0;57000000.0;-17000000.0;2246762.6791514773;-17000000.0;91250000.0;757750000.0;30750000.0;739000000.0;9363000000.0;5674000000.0;145385818.73865032;-248569126.8179555;16077000000.0;9194500409.520363;1564000000.0;7234000000.0;5670000000.0;14540000000.0;14561000000.0;;;5423737057.431328;35991745.68441868;4383000000.0
2012-09-30;2136000000.0;72000000.0;7727000000.0;1000000.0;193000000.0;-70000000.0;-262000000.0;455000000.0;121000000.0;26312000000.0;12766000000.0;-35455039.82555598;2032000000.0;;2682000000.0;601000000.0;2000000.0;603000000.0;1339000000.0;4751000000.0;6157000000.0;524000000.0;6203928475.87146;416500000.0;1000000.0;99500000.0;-4500000.0;827000000.0;52277552.43414213;67000000.0;2075000000.0;608000000.0;877000000.0;610000000.0;-6000000.0;-6000000.0;267000000.0;151000000.0;131000000.0;406000000.0;208000000.0;-71000000.0;122500000.0;2564000000.0;40000000.0;3539000000.0;831000000.0;113000000.0;144000000.0;1000000.0;165000000.0;11121000000.0;26312000000.0;4598000000.0;11927262662.442398;;4820000000.0;23000000.0;-97000000.0;-689000000.0;541500000.0;602000000.0;2000000.0;954000000.0;204759587.91671395;;237317649.15600657;1325000000.0;1793000000.0;-1000000.0;-2000000.0;1635000000.0;1179000000.0;220000000.0;-6000000.0;2104271.4513484947;-29000000.0;99500000.0;733500000.0;27500000.0;604000000.0;9678000000.0;5870000000.0;108020527.84108949;-332690993.3903124;16596000000.0;9671797854.675972;1590000000.0;7111000000.0;5521000000.0;15168000000.0;15191000000.0;-5000000.0;128000000.0;5414679347.597282;-5770186.301192641;4303000000.0
2012-12-31;2166500000.0;71500000.0;8054000000.0;1000000.0;215000000.0;-69000000.0;-282500000.0;470000000.0;113500000.0;26998000000.0;12959000000.0;4025504.721232176;2030500000.0;;2681500000.0;294000000.0;2500000.0;296500000.0;1362500000.0;4682500000.0;6614500000.0;545000000.0;5932403319.804321;432250000.0;1500000.0;107750000.0;-6250000.0;799000000.0;70912134.26058623;69500000.0;2097000000.0;297500000.0;347000000.0;299500000.0;-5500000.0;-5500000.0;47500000.0;144000000.0;144500000.0;406000000.0;139000000.0;-71000000.0;122750000.0;2432500000.0;39500000.0;3398000000.0;829500000.0;118000000.0;136000000.0;2000000.0;160000000.0;11534000000.0;26998000000.0;4632000000.0;11911552172.580639;;4820000000.0;25000000.0;-121000000.0;-670000000.0;445250000.0;292000000.0;2000000.0;428000000.0;205643643.42665693;;270246208.72393084;1490500000.0;1848500000.0;2500000.0;0.0;1666500000.0;1026000000.0;383000000.0;-10000000.0;2578148.918538643;-41000000.0;107750000.0;709250000.0;24250000.0;294000000.0;10093500000.0;6040000000.0;105087321.01195562;157900614.32147402;16822000000.0;9858744458.270782;1615000000.0;7042500000.0;5427500000.0;15439000000.0;15464000000.0;-5000000.0;128000000.0;5408253595.227623;-15213361.474690795;4252000000.0
2013-03-31;2197000000.0;71000000.0;8381000000.0;2000000.0;237000000.0;-68000000.0;-303000000.0;485000000.0;106000000.0;27684000000.0;13152000000.0;43506049.26802018;2029000000.0;;2681000000.0;-13000000.0;3000000.0;-10000000.0;1386000000.0;4614000000.0;7072000000.0;566000000.0;5660878163.736816;448000000.0;2000000.0;116000000.0;-8000000.0;771000000.0;89546716.08703034;72000000.0;2119000000.0;-13000000.0;-183000000.0;-11000000.0;-5000000.0;-5000000.0;-172000000.0;137000000.0;158000000.0;406000000.0;70000000.0;-71000000.0;123000000.0;2301000000.0;39000000.0;3257000000.0;828000000.0;123000000.0;128000000.0;3000000.0;155000000.0;11947000000.0;27684000000.0;4666000000.0;11895841682.718864;;4820000000.0;27000000.0;-145000000.0;-651000000.0;349000000.0;-18000000.0;2000000.0;-98000000.0;206527698.93660003;;303174768.291855;1656000000.0;1904000000.0;6000000.0;2000000.0;1698000000.0;873000000.0;546000000.0;-14000000.0;3052026.385728795;-53000000.0;116000000.0;685000000.0;21000000.0;-16000000.0;10509000000.0;6210000000.0;102154114.18281865;648492222.03328;17048000000.0;10045691061.865585;1640000000.0;6974000000.0;5334000000.0;15710000000.0;15737000000.0;-5000000.0;128000000.0;5401827842.857964;-24656536.6481902;4201000000.0
2013-06-30;2251000000.0;70000000.0;8796000000.0;2000000.0;235000000.0;-69000000.0;-302000000.0;367000000.0;96000000.0;27418000000.0;12621000000.0;110102284.21704878;1412000000.0;;2681000000.0;646000000.0;3000000.0;649000000.0;1481000000.0;4765000000.0;6333000000.0;565000000.0;6839961440.161987;463500000.0;-2000000.0;118750000.0;-5750000.0;867000000.0;73467981.64502934;87000000.0;2116000000.0;642000000.0;902000000.0;646000000.0;2000000.0;2000000.0;256000000.0;96500000.0;158500000.0;348250000.0;78750000.0;-71000000.0;134000000.0;2362000000.0;36000000.0;3341000000.0;831000000.0;129000000.0;148000000.0;2000000.0;177000000.0;12053000000.0;27418000000.0;4777000000.0;12455670376.360395;;4820000000.0;28000000.0;-237250000.0;-656750000.0;500250000.0;644000000.0;4000000.0;984000000.0;207871307.10091096;;397227891.84779;1509000000.0;1928000000.0;1000000.0;-1000000.0;1659000000.0;869000000.0;422500000.0;-11000000.0;3072066.511287639;-33250000.0;118750000.0;674500000.0;44000000.0;648000000.0;10753000000.0;6359000000.0;-79580564.20693445;-497895751.253854;17577000000.0;9406343500.806675;1751000000.0;7317000000.0;5566000000.0;15337000000.0;15365000000.0;-4250000.0;132500000.0;5458001912.2612915;-200334701.27926332;4986000000.0
2013-09-30;2278000000.0;69000000.0;9137000000.0;1000000.0;233000000.0;-68000000.0;-300000000.0;401000000.0;96000000.0;27948000000.0;12890000000.0;378000000.0;1491000000.0;;2681000000.0;708000000.0;2000000.0;710000000.0;1519000000.0;4765000000.0;6364000000.0;575000000.0;1691839996.7872467;479000000.0;1000000.0;121500000.0;-3500000.0;928000000.0;65863845.547307804;80000000.0;2125000000.0;707000000.0;1005000000.0;709000000.0;-1000000.0;-1000000.0;296000000.0;56000000.0;159000000.0;290500000.0;87500000.0;-91000000.0;145000000.0;2441000000.0;34000000.0;3399000000.0;805000000.0;130000000.0;153000000.0;1000000.0;162000000.0;15130000000.0;27948000000.0;4762000000.0;11059720930.367601;239469406.27965432;7816000000.0;30000000.0;-329500000.0;-662500000.0;651500000.0;706000000.0;2000000.0;1108000000.0;209427166.69300938;786496133.8516471;295303203.3572867;1374000000.0;1984000000.0;2000000.0;0.0;1556000000.0;955000000.0;299000000.0;-12000000.0;3533608.754069673;-13500000.0;121500000.0;664000000.0;67000000.0;708000000.0;10949000000.0;6626000000.0;0.0;-322579796.56432295;18177000000.0;7819823317.066482;1845000000.0;7472000000.0;5627000000.0;12788000000.0;12818000000.0;-3500000.0;137000000.0;5588513170.228046;-165894108.56850177;8171000000.0
2013-12-31;2401500000.0;64500000.0;9570500000.0;3000000.0;236000000.0;-69000000.0;-301500000.0;405500000.0;104000000.0;28602000000.0;13188000000.0;378000000.0;1807000000.0;;2680500000.0;667000000.0;-2000000.0;665000000.0;1528500000.0;4765000000.0;6371000000.0;572500000.0;1810665955.4889984;494500000.0;1000000.0;124250000.0;-1250000.0;875500000.0;55319797.87643145;77500000.0;2159000000.0;665000000.0;925500000.0;663000000.0;-1000000.0;-1000000.0;262500000.0;15500000.0;159500000.0;232750000.0;96250000.0;-92000000.0;156000000.0;2475000000.0;34500000.0;3407000000.0;774500000.0;132000000.0;157500000.0;2000000.0;171000000.0;15317000000.0;28602000000.0;4847000000.0;11272535581.725588;239469406.27965432;7816000000.0;28500000.0;-421750000.0;-668250000.0;802750000.0;664000000.0;-2000000.0;1039000000.0;218444923.42143393;786496133.8516473;318935050.8300153;1504000000.0;2049000000.0;3000000.0;500000.0;1431000000.0;1059500000.0;175500000.0;-21500000.0;3506201.4438077174;6250000.0;124250000.0;653500000.0;90000000.0;662000000.0;11206000000.0;6470000000.0;0.0;-373592768.3335751;18757000000.0;8245833846.223546;1826500000.0;7410000000.0;5583500000.0;13256500000.0;13285000000.0;-2750000.0;141500000.0;5627494576.865562;-91209482.18234038;8285000000.0
2014-03-31;2525000000.0;60000000.0;10004000000.0;3000000.0;239000000.0;-67000000.0;-303000000.0;410000000.0;112000000.0;29256000000.0;13486000000.0;378000000.0;2123000000.0;;2680000000.0;626000000.0;-6000000.0;620000000.0;1538000000.0;4765000000.0;6378000000.0;570000000.0;1929491914.1907349;510000000.0;1000000.0;127000000.0;1000000.0;823000000.0;44775750.20555514;75000000.0;2193000000.0;623000000.0;846000000.0;617000000.0;-1000000.0;-1000000.0;229000000.0;-25000000.0;160000000.0;175000000.0;105000000.0;-93000000.0;167000000.0;2509000000.0;35000000.0;3415000000.0;744000000.0;134000000.0;162000000.0;3000000.0;180000000.0;15504000000.0;29256000000.0;4932000000.0;13973679733.648174;239469406.27965432;7816000000.0;27000000.0;-514000000.0;-674000000.0;954000000.0;622000000.0;-6000000.0;970000000.0;227462680.14985856;786496133.8516473;342566898.3027439;1634000000.0;2114000000.0;4000000.0;1000000.0;1306000000.0;1164000000.0;52000000.0;-31000000.0;3478794.133545764;26000000.0;127000000.0;643000000.0;113000000.0;616000000.0;11463000000.0;6314000000.0;0.0;-424605740.10282737;19337000000.0;8671844375.380608;1808000000.0;7348000000.0;5540000000.0;13725000000.0;13752000000.0;-2000000.0;146000000.0;5700000000.0;-16524855.796179056;8399000000.0
2014-06-30;2727000000.0;60000000.0;10318000000.0;1000000.0;236000000.0;-68000000.0;-303000000.0;244000000.0;111000000.0;30484000000.0;14165000000.0;281000000.0;2360000000.0;;2679000000.0;774000000.0;1000000.0;775000000.0;1617000000.0;5151000000.0;6857000000.0;583000000.0;2119145630.4820404;522500000.0;1000000.0;133500000.0;-5500000.0;940000000.0;39309353.48950823;89000000.0;2267000000.0;776000000.0;1076000000.0;777000000.0;-2000000.0;-2000000.0;299000000.0;15000000.0;40500000.0;-59500000.0;111750000.0;-94000000.0;167000000.0;2555000000.0;36000000.0;3529000000.0;783000000.0;139000000.0;191000000.0;4000000.0;184000000.0;15897000000.0;30484000000.0;5369000000.0;13697363728.936657;239469406.27965432;7816000000.0;25000000.0;-411000000.0;-676000000.0;918500000.0;774000000.0;1000000.0;1194000000.0;227674931.57764602;786496133.8516471;403738801.5351653;1495000000.0;2375000000.0;0.0;0.0;1424000000.0;1107000000.0;93750000.0;-24000000.0;2403124.9730272293;27500000.0;133500000.0;658250000.0;97500000.0;775000000.0;11677000000.0;6781000000.0;0.0;-485585645.1200816;19984000000.0;9257820918.716442;1924000000.0;8051000000.0;6127000000.0;14562000000.0;14587000000.0;-3250000.0;141750000.0;5700000000.0;39878244.7116968;8042000000.0
2014-09-30;3005000000.0;58000000.0;10656000000.0;1000000.0;238000000.0;-70000000.0;-307000000.0;299000000.0;117000000.0;31583000000.0;14847000000.0;280000000.0;2029000000.0;;2679000000.0;1199000000.0;2000000.0;1201000000.0;1702000000.0;5291000000.0;7067000000.0;580000000.0;2134213586.170517;535000000.0;-10000000.0;140000000.0;-12000000.0;986000000.0;44493730.71937694;74000000.0;2312000000.0;1137000000.0;1550000000.0;1139000000.0;66000000.0;66000000.0;411000000.0;55000000.0;-79000000.0;-294000000.0;118500000.0;-96000000.0;167000000.0;2621000000.0;38000000.0;3650000000.0;799000000.0;144000000.0;230000000.0;3000000.0;195000000.0;16065000000.0;31583000000.0;5889000000.0;13954728381.651028;221709263.8011638;7816000000.0;27000000.0;-308000000.0;-678000000.0;883000000.0;1203000000.0;2000000.0;1634000000.0;232060159.32856822;792278547.9011333;434057300.0517732;1613000000.0;2374000000.0;-4000000.0;-4000000.0;1503000000.0;975000000.0;135500000.0;12000000.0;150000000.0;29000000.0;140000000.0;673500000.0;82000000.0;1205000000.0;12050000000.0;7555000000.0;0.0;-299487502.3522221;21060000000.0;10013762240.780283;2036000000.0;8701000000.0;6665000000.0;15491000000.0;15518000000.0;-4500000.0;137500000.0;5700000000.0;303000000.0;8240000000.0
2014-12-31;2714500000.0;58000000.0;10951000000.0;-3000000.0;280500000.0;-70000000.0;-354500000.0;304000000.0;146000000.0;31085000000.0;14336000000.0;192500000.0;2161500000.0;;2678500000.0;276500000.0;2000000.0;278500000.0;1582000000.0;5057000000.0;7332500000.0;611500000.0;1918874215.5263824;547500000.0;-4000000.0;146500000.0;-18500000.0;880000000.0;51597517.49004573;70000000.0;2322000000.0;249000000.0;336000000.0;251000000.0;31000000.0;31000000.0;85000000.0;95000000.0;-198500000.0;-528500000.0;125250000.0;-101000000.0;167000000.0;2494000000.0;37000000.0;3558500000.0;841000000.0;167000000.0;223500000.0;3000000.0;191000000.0;15514500000.0;31085000000.0;5453500000.0;14145950815.287485;229876144.39836568;7828500000.0;29500000.0;-205000000.0;-680000000.0;847500000.0;280000000.0;2000000.0;543000000.0;231847907.90078068;789619544.1705649;472611079.1672333;1629000000.0;2252500000.0;-3500000.0;-5000000.0;1478000000.0;999000000.0;177250000.0;-106000000.0;150000000.0;30500000.0;146500000.0;688750000.0;66500000.0;282000000.0;12174500000.0;6987000000.0;604000000.0;47582364.34828371;21036500000.0;9983511149.113409;1948000000.0;7875500000.0;5927500000.0;15541000000.0;15616500000.0;-5750000.0;133250000.0;5700000000.0;303000000.0;8123500000.0
2015-03-31;2424000000.0;58000000.0;11246000000.0;-6000000.0;323000000.0;-73000000.0;-402000000.0;309000000.0;175000000.0;30587000000.0;13825000000.0;105000000.0;2294000000.0;;2678000000.0;-646000000.0;2000000.0;-644000000.0;1462000000.0;4823000000.0;7598000000.0;643000000.0;1703534844.8822937;560000000.0;2000000.0;153000000.0;-25000000.0;774000000.0;58701304.26071419;66000000.0;2332000000.0;-639000000.0;-878000000.0;-637000000.0;-4000000.0;-4000000.0;-241000000.0;135000000.0;-318000000.0;-763000000.0;132000000.0;-106000000.0;167000000.0;2367000000.0;36000000.0;3467000000.0;883000000.0;190000000.0;217000000.0;3000000.0;187000000.0;14964000000.0;30587000000.0;5018000000.0;14337173248.923946;238043024.99556753;7841000000.0;32000000.0;-102000000.0;-682000000.0;812000000.0;-643000000.0;2000000.0;-548000000.0;231635656.47299314;786960540.4399962;511164858.2826933;1645000000.0;2131000000.0;-3000000.0;-6000000.0;1453000000.0;1023000000.0;219000000.0;-224000000.0;150000000.0;32000000.0;153000000.0;704000000.0;51000000.0;-641000000.0;12299000000.0;6419000000.0;1208000000.0;394652231.04869735;21013000000.0;9953260057.44653;1860000000.0;7050000000.0;5190000000.0;15591000000.0;15715000000.0;-7000000.0;129000000.0;5700000000.0;303000000.0;8007000000.0
2015-06-30;2181000000.0;57000000.0;9340000000.0;-11000000.0;318000000.0;-75000000.0;-298000000.0;176000000.0;166000000.0;30606000000.0;15224000000.0;93000000.0;2760000000.0;;2677000000.0;158000000.0;-1000000.0;157000000.0;1262000000.0;3971000000.0;5665000000.0;595000000.0;1438576283.7076263;506500000.0;1000000.0;153250000.0;-25750000.0;809000000.0;74055175.56347376;43000000.0;1983000000.0;55000000.0;125000000.0;54000000.0;-1000000.0;-1000000.0;71000000.0;131500000.0;-281000000.0;-629250000.0;90500000.0;-106000000.0;166250000.0;2071000000.0;6000000.0;2831000000.0;593000000.0;201000000.0;167000000.0;4000000.0;151000000.0;14891000000.0;30606000000.0;5005000000.0;13760793467.550032;232588189.10756406;7838000000.0;30000000.0;-95750000.0;-563500000.0;566250000.0;54000000.0;-1000000.0;254000000.0;227248476.08704078;788736546.4441502;278729066.952268;1896000000.0;2246000000.0;104000000.0;-2000000.0;1648000000.0;1014000000.0;189250000.0;-23000000.0;0.0;30000000.0;153250000.0;586500000.0;57500000.0;53000000.0;11153000000.0;5633000000.0;306000000.0;3268030525.309914;20914000000.0;10974512986.048893;1648000000.0;5919000000.0;4271000000.0;15685000000.0;15715000000.0;-2250000.0;128250000.0;5700000000.0;177000000.0;7784000000.0
2015-09-30;2193000000.0;57000000.0;9540000000.0;2000000.0;315000000.0;-76000000.0;-451000000.0;243000000.0;138000000.0;30248000000.0;14919000000.0;89000000.0;2249000000.0;;2677000000.0;-207000000.0;1000000.0;-206000000.0;1221000000.0;3818000000.0;5539000000.0;576000000.0;2145415482.3198395;453000000.0;0.0;153500000.0;-26500000.0;871000000.0;74411618.3276047;37000000.0;2124000000.0;-54000000.0;-90000000.0;-53000000.0;0.0;0.0;-37000000.0;128000000.0;-244000000.0;-495500000.0;49000000.0;-99000000.0;165500000.0;1965000000.0;1000000.0;2692000000.0;584000000.0;199000000.0;143000000.0;3000000.0;150000000.0;14768000000.0;30248000000.0;5703000000.0;14072086014.810898;648000000.0;7243000000.0;32000000.0;-89500000.0;-445000000.0;320500000.0;-54000000.0;1000000.0;43000000.0;226187218.9481032;653485205.1592445;426508411.5231867;2105000000.0;2187000000.0;-153000000.0;13000000.0;1591000000.0;1174000000.0;159500000.0;-34000000.0;21000000.0;28000000.0;153500000.0;469000000.0;64000000.0;-53000000.0;11018000000.0;5791000000.0;381000000.0;-4417238291.105745;20706000000.0;10781344794.260788;1583000000.0;5582000000.0;3999000000.0;15448000000.0;15480000000.0;2500000.0;127500000.0;5700000000.0;154000000.0;7727000000.0
2015-12-31;2018500000.0;50000000.0;10758000000.0;-64000000.0;268000000.0;-78000000.0;-407500000.0;261000000.0;164500000.0;32090000000.0;17012000000.0;93500000.0;5921000000.0;;2676500000.0;-1310000000.0;-2500000.0;-1312500000.0;1095000000.0;3387000000.0;6408000000.0;511500000.0;1831947759.9633026;399500000.0;500000.0;153750000.0;-27250000.0;740000000.0;90726238.68842769;42500000.0;2253500000.0;-1232000000.0;-1690500000.0;-1234500000.0;-1000000.0;-1000000.0;-456000000.0;124500000.0;-207000000.0;-361750000.0;7500000.0;-132000000.0;164750000.0;1921500000.0;9500000.0;2792500000.0;742500000.0;229000000.0;128500000.0;6500000.0;136000000.0;17820000000.0;32090000000.0;6557500000.0;11951145629.546562;1917000000.0;9725000000.0;38500000.0;-83250000.0;-326500000.0;74750000.0;-1233000000.0;-2500000.0;-1518000000.0;241853893.21801174;240319407.77418292;315449954.6822057;1271500000.0;2689500000.0;-77000000.0;6000000.0;1482000000.0;990000000.0;129750000.0;-40500000.0;26000000.0;26000000.0;153750000.0;351500000.0;70500000.0;-1235500000.0;10135000000.0;5387000000.0;1573500000.0;-784658212.1185019;19332000000.0;11108763523.255249;1398000000.0;4890000000.0;3492000000.0;14231500000.0;14270000000.0;7250000.0;126750000.0;5700000000.0;1299500000.0;7630500000.0
2016-03-31;1844000000.0;49000000.0;11976000000.0;-65000000.0;221000000.0;-78000000.0;-364000000.0;279000000.0;191000000.0;33932000000.0;19105000000.0;98000000.0;9593000000.0;;2676000000.0;-2413000000.0;-6000000.0;-2419000000.0;969000000.0;2956000000.0;7277000000.0;447000000.0;1518480037.6067047;346000000.0;1000000.0;154000000.0;-28000000.0;609000000.0;107040859.04925069;48000000.0;2383000000.0;-2410000000.0;-3291000000.0;-2416000000.0;-2000000.0;-2000000.0;-875000000.0;121000000.0;-170000000.0;-228000000.0;-34000000.0;-165000000.0;164000000.0;1878000000.0;18000000.0;2893000000.0;901000000.0;259000000.0;114000000.0;10000000.0;122000000.0;20872000000.0;33932000000.0;7412000000.0;9830205244.282228;3186000000.0;12207000000.0;45000000.0;-77000000.0;-208000000.0;-171000000.0;-2412000000.0;-6000000.0;-3079000000.0;245638392.8018793;-172846389.61087847;204391497.84122276;438000000.0;3192000000.0;-1000000.0;-1000000.0;1373000000.0;806000000.0;100000000.0;-47000000.0;31000000.0;24000000.0;154000000.0;234000000.0;77000000.0;-2418000000.0;9252000000.0;4983000000.0;2766000000.0;2847921866.868654;17958000000.0;11436182252.249718;1213000000.0;4198000000.0;2985000000.0;13015000000.0;13060000000.0;12000000.0;126000000.0;5700000000.0;2445000000.0;7534000000.0
2016-06-30;1490000000.0;51000000.0;10847000000.0;-62000000.0;220000000.0;-79000000.0;-361000000.0;253000000.0;193000000.0;27737000000.0;12580000000.0;101000000.0;3108000000.0;;2675000000.0;-3205000000.0;3000000.0;-3202000000.0;955000000.0;2777000000.0;7715000000.0;449000000.0;-2389450572.388504;355250000.0;0.0;154500000.0;-23750000.0;549000000.0;122204746.99761899;41000000.0;2383000000.0;-3208000000.0;-4107000000.0;-3205000000.0;0.0;0.0;-902000000.0;110000000.0;-70500000.0;-126500000.0;-21000000.0;-196000000.0;166250000.0;1662000000.0;18000000.0;2650000000.0;885000000.0;247000000.0;103000000.0;10000000.0;110000000.0;17960000000.0;27737000000.0;4478000000.0;9543326302.947683;763000000.0;12158000000.0;43000000.0;-472500000.0;-215250000.0;-127000000.0;-3208000000.0;3000000.0;-3880000000.0;241677667.90653223;616043072.2204878;605515465.5880495;998000000.0;1957000000.0;3000000.0;3000000.0;1309000000.0;875000000.0;169500000.0;-31000000.0;9000000.0;21250000.0;154500000.0;241750000.0;73500000.0;-3205000000.0;8961000000.0;4725000000.0;423000000.0;2050908012.240427;14595000000.0;6862853098.39084;1195000000.0;3835000000.0;2640000000.0;9734000000.0;9777000000.0;6750000.0;124500000.0;5700000000.0;92000000.0;7428000000.0
2016-09-30;1543000000.0;53000000.0;10944000000.0;-61000000.0;220000000.0;-79000000.0;-360000000.0;184000000.0;197000000.0;26755000000.0;11760000000.0;96000000.0;3289000000.0;;2675000000.0;7000000.0;1000000.0;8000000.0;919000000.0;2743000000.0;3705000000.0;449000000.0;531850994.9810791;364500000.0;0.0;155000000.0;-19500000.0;535000000.0;104000000.0;43000000.0;2383000000.0;6000000.0;-52000000.0;7000000.0;0.0;0.0;-59000000.0;99000000.0;29000000.0;-25000000.0;-8000000.0;-141000000.0;168500000.0;1528000000.0;19000000.0;2475000000.0;836000000.0;240000000.0;111000000.0;18000000.0;109000000.0;17029000000.0;26755000000.0;3631000000.0;10790181156.476559;152000000.0;12163000000.0;44000000.0;-868000000.0;-222500000.0;-83000000.0;6000000.0;1000000.0;128000000.0;237929194.4389727;814974752.4429249;717182581.1786041;933000000.0;1927000000.0;1000000.0;1000000.0;1032000000.0;786000000.0;239000000.0;-39000000.0;8181818.181818182;18500000.0;155000000.0;249500000.0;70000000.0;7000000.0;8741000000.0;4360000000.0;0.0;0.0;14445000000.0;6630977071.5199;1138000000.0;3833000000.0;2695000000.0;9682000000.0;9726000000.0;1500000.0;123000000.0;5700000000.0;87454545.45454545;7262000000.0
2016-12-31;1774500000.0;51000000.0;11195000000.0;-61000000.0;267000000.0;-80000000.0;-406000000.0;203000000.0;176500000.0;25820000000.0;10794000000.0;92000000.0;2698000000.0;2139000000.0;2674500000.0;-11500000.0;500000.0;-11000000.0;918500000.0;2923000000.0;3890500000.0;494000000.0;-3606330655.538513;373750000.0;0.0;155500000.0;-15250000.0;539500000.0;104000000.0;49000000.0;2401000000.0;-13000000.0;-54500000.0;-12500000.0;0.0;0.0;-42000000.0;88000000.0;128500000.0;76500000.0;5000000.0;-191500000.0;170750000.0;1488000000.0;18500000.0;2385000000.0;774500000.0;252500000.0;122500000.0;20500000.0;122000000.0;16462500000.0;25820000000.0;3736500000.0;9684733521.857037;170000000.0;11487500000.0;41000000.0;-1263500000.0;-229750000.0;-39000000.0;-13000000.0;500000.0;165500000.0;241783793.62042603;809114244.6785978;952204879.8249958;898000000.0;2004500000.0;1500000.0;1000000.0;1113500000.0;744500000.0;308500000.0;-28500000.0;7363636.363636363;15750000.0;155500000.0;257250000.0;66500000.0;-12500000.0;8578000000.0;4184000000.0;0.0;0.0;14007000000.0;6037606987.192545;1133000000.0;4056000000.0;2923000000.0;9316500000.0;9357500000.0;-3750000.0;121500000.0;5700000000.0;82909090.9090909;7162000000.0
2017-03-31;2006000000.0;49000000.0;11446000000.0;-58000000.0;314000000.0;-80000000.0;-452000000.0;222000000.0;156000000.0;24885000000.0;9828000000.0;92000000.0;2107000000.0;2139000000.0;2674000000.0;-30000000.0;0.0;-30000000.0;918000000.0;3103000000.0;4076000000.0;539000000.0;-7744512306.05806;383000000.0;0.0;156000000.0;-11000000.0;544000000.0;104000000.0;55000000.0;2419000000.0;-32000000.0;-57000000.0;-32000000.0;0.0;0.0;-25000000.0;77000000.0;228000000.0;178000000.0;18000000.0;-242000000.0;173000000.0;1448000000.0;18000000.0;2295000000.0;713000000.0;265000000.0;134000000.0;23000000.0;135000000.0;15896000000.0;24885000000.0;3842000000.0;8579285887.237527;97000000.0;10812000000.0;38000000.0;-1659000000.0;-237000000.0;5000000.0;-32000000.0;0.0;203000000.0;245638392.80187932;832881859.500591;1213324429.620449;863000000.0;2082000000.0;2000000.0;1000000.0;1195000000.0;703000000.0;378000000.0;-18000000.0;6545454.545454545;13000000.0;156000000.0;265000000.0;63000000.0;-32000000.0;8415000000.0;4008000000.0;0.0;0.0;13569000000.0;5444000000.0;1128000000.0;4279000000.0;3151000000.0;8951000000.0;8989000000.0;-9000000.0;120000000.0;5700000000.0;78363636.36363636;7062000000.0
2017-06-30;2166000000.0;46000000.0;11708000000.0;-58000000.0;313000000.0;-79000000.0;-450000000.0;131000000.0;156000000.0;25325000000.0;10260000000.0;102000000.0;2139000000.0;2139000000.0;2673000000.0;30000000.0;0.0;30000000.0;1021000000.0;3453000000.0;4811000000.0;550000000.0;682868725.7910156;385750000.0;;156500000.0;-14250000.0;583000000.0;91000000.0;75000000.0;2407000000.0;28000000.0;-1000000.0;28000000.0;0.0;0.0;-29000000.0;79000000.0;240000000.0;194750000.0;43250000.0;-121000000.0;165750000.0;1454000000.0;21000000.0;2283000000.0;695000000.0;262000000.0;134000000.0;28000000.0;153000000.0;16372000000.0;25325000000.0;4068000000.0;11057842246.562454;336000000.0;10816000000.0;36000000.0;-1289000000.0;-271250000.0;146750000.0;28000000.0;0.0;146000000.0;252216234.42826244;755067339.7409143;1147181526.7564588;896000000.0;2052000000.0;2000000.0;;983000000.0;938000000.0;295000000.0;-26000000.0;5727272.727272727;-10250000.0;156500000.0;324000000.0;42000000.0;28000000.0;8374000000.0;4385000000.0;262000000.0;262000000.0;13441000000.0;5444000000.0;1255000000.0;4957000000.0;3702000000.0;8917000000.0;8953000000.0;-13750000.0;58250000.0;5700000000.0;73818181.81818181;6878000000.0
2017-09-30;2416000000.0;44000000.0;11911000000.0;-57000000.0;313000000.0;-78000000.0;-448000000.0;169000000.0;165000000.0;25790000000.0;10144000000.0;102000000.0;1898000000.0;1898000000.0;2673000000.0;367000000.0;-4000000.0;363000000.0;1069000000.0;3686000000.0;4802000000.0;571000000.0;971354630.4806366;388500000.0;;157000000.0;-17500000.0;706000000.0;78000000.0;55000000.0;2685000000.0;365000000.0;496000000.0;361000000.0;0.0;0.0;135000000.0;81000000.0;252000000.0;211500000.0;68500000.0;-115000000.0;158500000.0;1565000000.0;25000000.0;2444000000.0;720000000.0;280000000.0;159000000.0;30000000.0;167000000.0;16544000000.0;25790000000.0;4601000000.0;11189709974.689287;515000000.0;10423000000.0;29000000.0;-919000000.0;-305500000.0;288500000.0;365000000.0;-4000000.0;642000000.0;257025965.03475955;696787845.862328;1303476728.4436808;897000000.0;2338000000.0;2000000.0;;964000000.0;949000000.0;212000000.0;-31000000.0;3897574.9437751416;-33500000.0;157000000.0;383000000.0;21000000.0;361000000.0;8432000000.0;4852000000.0;0.0;0.0;13649000000.0;5444000000.0;1326000000.0;5444000000.0;4118000000.0;9217000000.0;9246000000.0;-18500000.0;-3500000.0;5700000000.0;-85731472.78872442;6826000000.0
2017-12-31;2623000000.0;44500000.0;12071500000.0;-55000000.0;323000000.0;-80000000.0;-459500000.0;195500000.0;487000000.0;25490500000.0;10589500000.0;102000000.0;1969625000.0;2115000000.0;2672500000.0;205500000.0;-1500000.0;204000000.0;1062500000.0;3846500000.0;5094000000.0;579500000.0;917878500.2459717;391250000.0;;157500000.0;-20750000.0;676500000.0;65000000.0;56500000.0;2696000000.0;365000000.0;342500000.0;361000000.0;0.0;0.0;138500000.0;83000000.0;264000000.0;228250000.0;93750000.0;-127500000.0;151250000.0;1568500000.0;27500000.0;2451000000.0;718500000.0;282000000.0;164000000.0;20000000.0;176500000.0;16672000000.0;25490500000.0;4785000000.0;10799664528.715199;512000000.0;10425500000.0;27500000.0;-549000000.0;-339750000.0;430250000.0;205500000.0;-1500000.0;498000000.0;256566412.3803916;697764597.1563826;1171295241.8120193;943500000.0;1982000000.0;0.0;;995000000.0;882000000.0;129000000.0;-28000000.0;3660604.727169629;-56750000.0;157500000.0;442000000.0;0.0;204000000.0;8514000000.0;5053500000.0;132500000.0;132500000.0;13117500000.0;5592000000.0;1339000000.0;5592000000.0;4253000000.0;8791000000.0;8818500000.0;-23250000.0;-65250000.0;5700000000.0;-30380273.21224457;6735000000.0
2018-03-31;2830000000.0;45000000.0;12232000000.0;-59000000.0;333000000.0;-79000000.0;-471000000.0;222000000.0;809000000.0;25191000000.0;11035000000.0;114000000.0;2041250000.0;2332000000.0;2672000000.0;44000000.0;1000000.0;45000000.0;1056000000.0;4007000000.0;5386000000.0;588000000.0;954448344.6464386;394000000.0;;158000000.0;-24000000.0;647000000.0;52000000.0;58000000.0;2707000000.0;365000000.0;189000000.0;361000000.0;0.0;0.0;142000000.0;85000000.0;276000000.0;245000000.0;119000000.0;-140000000.0;144000000.0;1572000000.0;30000000.0;2458000000.0;717000000.0;284000000.0;169000000.0;10000000.0;186000000.0;16800000000.0;25191000000.0;4969000000.0;10424000000.0;466000000.0;10428000000.0;26000000.0;-179000000.0;-374000000.0;572000000.0;46000000.0;1000000.0;354000000.0;256106859.72602367;712741450.3318852;1039113755.1803594;990000000.0;1626000000.0;-2000000.0;;1026000000.0;815000000.0;46000000.0;-25000000.0;3423634.5105641186;-80000000.0;158000000.0;501000000.0;-21000000.0;47000000.0;8596000000.0;5255000000.0;265000000.0;265000000.0;12586000000.0;5740000000.0;1352000000.0;5740000000.0;4388000000.0;8365000000.0;8391000000.0;-28000000.0;-127000000.0;5700000000.0;26433319.94640088;6644000000.0
2018-06-30;3029000000.0;44000000.0;12653000000.0;-58000000.0;332000000.0;-80000000.0;-470000000.0;125000000.0;771000000.0;25765000000.0;11436000000.0;108004742.66344205;2112875000.0;2058000000.0;2672000000.0;512000000.0;-3000000.0;509000000.0;1072000000.0;4221000000.0;5358000000.0;585000000.0;923009284.86969;399500000.0;;158000000.0;-22500000.0;635000000.0;45992152.200653985;65000000.0;2824000000.0;528159003.0401415;633000000.0;526539192.60326254;;;125000000.0;84000000.0;222000000.0;268500000.0;148250000.0;-137000000.0;140000000.0;1697000000.0;30000000.0;2637000000.0;777000000.0;276000000.0;163000000.0;13000000.0;204000000.0;16922000000.0;25765000000.0;5107000000.0;10424000000.0;444000000.0;10427000000.0;20000000.0;-173000000.0;-383250000.0;418000000.0;511000000.0;-3000000.0;789000000.0;258087222.1736972;719904293.1549517;1018551052.3167372;924000000.0;1563000000.0;1000000.0;;999000000.0;803000000.0;74000000.0;-19000000.0;1482044.7028295137;-55750000.0;157750000.0;485000000.0;-13250000.0;508000000.0;8825000000.0;5403000000.0;214000000.0;0.0;12939000000.0;6147000000.0;1339000000.0;6147000000.0;4808000000.0;8823000000.0;8843000000.0;3000000.0;-104000000.0;5700000000.0;32754949.93449092;6443000000.0
2018-09-30;3142000000.0;44000000.0;12913000000.0;-58000000.0;325000000.0;-81000000.0;-463000000.0;170000000.0;751000000.0;25751000000.0;11436000000.0;124592503.06434904;2184500000.0;2057000000.0;2672000000.0;442000000.0;-1000000.0;441000000.0;1072000000.0;4221000000.0;5456000000.0;594000000.0;548783670.5241852;405000000.0;;157000000.0;-21000000.0;722000000.0;47645624.55720991;72000000.0;2800000000.0;451857594.2202008;534000000.0;453869017.2401046;;;100000000.0;83000000.0;168000000.0;292000000.0;177500000.0;-140000000.0;136000000.0;1821000000.0;31000000.0;2887000000.0;890000000.0;247000000.0;176000000.0;10000000.0;168000000.0;16734000000.0;25751000000.0;4953000000.0;10424000000.0;408142857.14285713;9151714285.714285;19000000.0;-167000000.0;-392500000.0;264000000.0;435000000.0;-1000000.0;716000000.0;255000000.0;758000000.0;1019000000.0;966000000.0;1566000000.0;7000000.0;;1054000000.0;763000000.0;102000000.0;-42000000.0;1482044.7028295007;-31500000.0;157500000.0;469000000.0;-5500000.0;434000000.0;8821000000.0;5526000000.0;163000000.0;0.0;13216000000.0;6172000000.0;1339000000.0;6147000000.0;4808000000.0;8998000000.0;9017000000.0;1000000.0;-91000000.0;5500000000.0;35003336.42686528;6597000000.0
2018-12-31;3111000000.0;42000000.0;13112000000.0;-58000000.0;264000000.0;-82000000.0;-408500000.0;197000000.0;748500000.0;26370000000.0;11312000000.0;134249783.64256924;2438602071.063148;1718500000.0;2671500000.0;297500000.0;-500000.0;297000000.0;1072000000.0;4221000000.0;5414000000.0;524000000.0;454286666.80381775;410500000.0;;157000000.0;-19500000.0;702500000.0;49399961.47354294;65500000.0;2812000000.0;312451177.4055142;363000000.0;315044395.18109167;;;70000000.0;82000000.0;114000000.0;315500000.0;206750000.0;-141500000.0;132000000.0;1942000000.0;24000000.0;3075500000.0;968500000.0;227000000.0;165000000.0;9000000.0;186000000.0;17049000000.0;26370000000.0;5000000000.0;10365500000.0;372285714.28571427;7876428571.428572;19500000.0;-161000000.0;-401750000.0;110000000.0;293500000.0;-500000.0;540500000.0;255000000.0;758000000.0;1019000000.0;944000000.0;1661500000.0;4000000.0;;1041500000.0;780500000.0;130000000.0;-36000000.0;1562789.3016860709;-7250000.0;157250000.0;453000000.0;2250000.0;293000000.0;8837000000.0;5574000000.0;112000000.0;30500000.0;13475000000.0;5954500000.0;1339000000.0;6147000000.0;4808000000.0;9301500000.0;9321000000.0;1500000.0;-2000000.0;5400000000.0;79350814.50971532;6633500000.0
2019-03-31;3080000000.0;49000000.0;13311000000.0;-47001319.188578784;203000000.0;-82000000.0;-354000000.0;224000000.0;746000000.0;26989000000.0;11188000000.0;207098772.18624663;2317100456.61598;1380000000.0;2671000000.0;153000000.0;0.0;153000000.0;1273743966.3520417;4637379364.922586;5372000000.0;454000000.0;359789663.08354187;416000000.0;;157000000.0;-18000000.0;683000000.0;0.0;59000000.0;2824000000.0;191618248.9206466;192000000.0;204179386.39637002;;;40000000.0;81000000.0;60000000.0;339000000.0;236000000.0;-143000000.0;128000000.0;2063000000.0;24000000.0;3264000000.0;1047000000.0;207000000.0;154000000.0;8000000.0;189000000.0;17364000000.0;26989000000.0;5047000000.0;10307000000.0;336428571.42857146;6601142857.142857;20000000.0;-155000000.0;-411000000.0;-44000000.0;152000000.0;0.0;365000000.0;255000000.0;758000000.0;1019000000.0;922000000.0;1757000000.0;1000000.0;;1029000000.0;798000000.0;158000000.0;-30000000.0;0.0;17000000.0;157000000.0;437000000.0;10000000.0;152000000.0;8853000000.0;5622000000.0;61000000.0;61000000.0;13734000000.0;5737000000.0;1543867121.8884754;6068309423.975745;4988632293.643745;9605000000.0;9625000000.0;2000000.0;87000000.0;5300000000.0;42000000.0;6670000000.0
2019-06-30;3017000000.0;64000000.0;13592000000.0;-49405787.74082824;203000000.0;-82000000.0;-352000000.0;58000000.0;757000000.0;26880000000.0;11220000000.0;201630357.26910448;2416854088.0542984;1176000000.0;2670000000.0;76000000.0;2000000.0;78000000.0;1302619282.8912342;4682109322.518904;5627000000.0;469000000.0;1125100734.763092;399000000.0;;157000000.0;-23500000.0;650000000.0;0.0;56000000.0;2825000000.0;122264122.61588497;151000000.0;137937593.46432042;;;74000000.0;89750000.0;107500000.0;347000000.0;196750000.0;-144000000.0;132000000.0;2102000000.0;21000000.0;3347000000.0;1089000000.0;194000000.0;156000000.0;4000000.0;189000000.0;17356000000.0;26880000000.0;4955000000.0;10307000000.0;300571428.57142854;5325857142.857142;16000000.0;-342000000.0;-349500000.0;23250000.0;75000000.0;2000000.0;303000000.0;215000000.0;761000000.0;978000000.0;997000000.0;1671000000.0;1000000.0;;1073000000.0;864000000.0;85500000.0;-8000000.0;48000000.0;18000000.0;157250000.0;381000000.0;10500000.0;77000000.0;8778000000.0;5700000000.0;314000000.0;247000000.0;13652000000.0;5930000000.0;1545840270.6632366;6275470830.439935;5175760338.589961;9508000000.0;9524000000.0;5000000.0;83000000.0;5200000000.0;108000000.0;6520000000.0
2019-09-30;2733000000.0;64000000.0;13841000000.0;-49828068.049552396;203000000.0;-83000000.0;-353000000.0;108000000.0;762000000.0;26789000000.0;11220000000.0;204665499.06297922;3347547656.7947845;1571000000.0;2670000000.0;295000000.0;1000000.0;296000000.0;1189077817.508267;4279542519.4607115;5014000000.0;476000000.0;1595000000.0;382000000.0;;158000000.0;-29000000.0;657000000.0;0.0;53000000.0;2832000000.0;326929900.48065764;372000000.0;341198461.1532304;;;76000000.0;98500000.0;155000000.0;355000000.0;157500000.0;-141000000.0;136000000.0;2122000000.0;12000000.0;3380000000.0;1114000000.0;179000000.0;144000000.0;6000000.0;177000000.0;17027000000.0;26789000000.0;4692000000.0;10313000000.0;269323593.58092356;5367447244.580139;17000000.0;-529000000.0;-288000000.0;90500000.0;295000000.0;1000000.0;536000000.0;208000000.0;762000000.0;985000000.0;979000000.0;1687000000.0;0.0;;1094000000.0;784000000.0;13000000.0;-23000000.0;40333333.333333336;19000000.0;157500000.0;325000000.0;11000000.0;296000000.0;8721000000.0;5290000000.0;567000000.0;0.0;13800000000.0;5550000000.0;1414866516.3405342;5796352768.917094;4793720120.027786;9745000000.0;9762000000.0;-10000000.0;90000000.0;5200000000.0;410666666.6666667;6480000000.0
2019-12-31;2686500000.0;64000000.0;13409500000.0;-49016986.71814333;208500000.0;-82000000.0;-352000000.0;109000000.0;765500000.0;25205500000.0;10937500000.0;282821982.7557787;4278241225.5352707;2268000000.0;2669500000.0;-355500000.0;1500000.0;-354000000.0;1301315494.1353588;4225032962.9901004;5311000000.0;476500000.0;1595000000.0;365000000.0;;158000000.0;-34500000.0;602000000.0;-84000000.0;53500000.0;2822000000.0;-211727936.1170209;-262000000.0;-189457280.8408968;;;97500000.0;107250000.0;202500000.0;363000000.0;118250000.0;-137500000.0;140000000.0;2008500000.0;12000000.0;3300000000.0;1145000000.0;159000000.0;146500000.0;8000000.0;177000000.0;16903000000.0;25205500000.0;4872500000.0;9973000000.0;203166916.26174688;3433723622.2900543;15000000.0;-716000000.0;-226500000.0;157750000.0;-361000000.0;1500000.0;-17500000.0;215000000.0;782500000.0;941000000.0;1089500000.0;1563500000.0;5500000.0;;1272500000.0;798500000.0;-59500000.0;-23000000.0;32666666.666666664;20000000.0;157750000.0;269000000.0;11500000.0;-359500000.0;7472000000.0;5070000000.0;820000000.0;536500000.0;12307000000.0;5293500000.0;1665920739.4981747;4684729511.710523;3980369422.31697;8287500000.0;8302500000.0;-4000000.0;86000000.0;5150000000.0;713333333.3333334;6446000000.0
2020-03-31;2640000000.0;64000000.0;12978000000.0;-56783096.63108161;214000000.0;-82000000.0;-351000000.0;110000000.0;769000000.0;23622000000.0;10655000000.0;356978466.44857836;5208934794.275757;1385000000.0;2669000000.0;-1006000000.0;2000000.0;-1004000000.0;1413553170.7624505;4170523406.5194893;5608000000.0;477000000.0;1595000000.0;348000000.0;;158000000.0;-40000000.0;547000000.0;-168000000.0;54000000.0;2812000000.0;-750385772.7147;-896000000.0;-720113022.8350241;;;119000000.0;116000000.0;250000000.0;371000000.0;79000000.0;-134000000.0;144000000.0;1895000000.0;12000000.0;3220000000.0;1176000000.0;139000000.0;149000000.0;10000000.0;177000000.0;16779000000.0;23622000000.0;5053000000.0;9633000000.0;193000000.0;1500000000.0;13000000.0;-903000000.0;-165000000.0;225000000.0;-1017000000.0;2000000.0;-571000000.0;222000000.0;803000000.0;897000000.0;1200000000.0;1440000000.0;11000000.0;;1451000000.0;813000000.0;-132000000.0;-23000000.0;25000000.0;21000000.0;158000000.0;213000000.0;12000000.0;-1015000000.0;6223000000.0;4850000000.0;1073000000.0;1073000000.0;10814000000.0;5037000000.0;1916974962.6558151;3573106254.50395;3167018724.606156;6830000000.0;6843000000.0;2000000.0;82000000.0;5100000000.0;1016000000.0;6412000000.0
2020-06-30;1708000000.0;65094941.16463843;11145000000.0;-59475880.76788643;204000000.0;-84000000.0;-342000000.0;125000000.0;796000000.0;21104000000.0;9099000000.0;222321100.63438404;6224104978.151657;1811000000.0;2666000000.0;-1667000000.0;-5000000.0;-1672000000.0;1228501901.228245;2837319984.108642;5107000000.0;511000000.0;2034000000.0;307333333.3333333;;40000000.0;-38333333.333333336;486000000.0;0.0;43000000.0;2801000000.0;-1578904932.8650208;-2083000000.0;-1568762851.1749072;;;-402000000.0;95333333.33333333;235000000.0;295666666.6666667;53000000.0;-124000000.0;142000000.0;1514000000.0;13553655.83827819;2745000000.0;1154000000.0;139000000.0;77000000.0;7000000.0;118968009.72226821;15908000000.0;21104000000.0;4094000000.0;9638000000.0;188000000.0;1500000000.0;7000000.0;-676333333.3333334;-130666666.66666666;217666666.66666666;-1676000000.0;-5000000.0;-1911000000.0;212000000.0;779000000.0;750000000.0;1198000000.0;1264000000.0;9000000.0;;1500000000.0;886000000.0;-26000000.0;-48000000.0;160000000.0;19333333.333333332;118666666.66666666;176666666.66666666;9666666.666666666;-1681000000.0;5156000000.0;3345000000.0;715333333.3333333;2147000000.0;9098000000.0;3196000000.0;1525170137.5084343;3294569780.4890413;2722408506.8806643;5189000000.0;5196000000.0;1000000.0;66000000.0;5100000000.0;1252000000.0;6358000000.0
2020-09-30;1548000000.0;52253746.35421902;11240000000.0;-62616047.635598764;203000000.0;-84000000.0;-340000000.0;23000000.0;818000000.0;20874000000.0;9023000000.0;229422024.95750928;2123728026.8898346;2115000000.0;2666000000.0;-16000000.0;-1000000.0;-17000000.0;1191017311.0934832;2649855284.711026;2833000000.0;530000000.0;2056000000.0;266666666.6666667;;40000000.0;-36666666.666666664;503000000.0;0.0;41000000.0;2804000000.0;31589050.526861526;-1000000.0;40924913.55395648;;;18000000.0;74666666.66666666;220000000.0;220333333.33333334;27000000.0;-122000000.0;140000000.0;1452000000.0;21720205.16946596;2580000000.0;1061000000.0;139000000.0;67000000.0;11000000.0;110477827.42678514;15671000000.0;20874000000.0;3923000000.0;9632000000.0;195000000.0;1500000000.0;3000000.0;-449666666.6666667;-96333333.33333333;210333333.33333334;-17000000.0;-2000000.0;142000000.0;240000000.0;754000000.0;761000000.0;1183000000.0;1197000000.0;2000000.0;;1437000000.0;832000000.0;80000000.0;-21000000.0;8000000.0;17666666.666666668;79333333.33333333;140333333.3333333;7333333.333333333;-19000000.0;5033000000.0;3145000000.0;357666666.6666666;133000000.0;8987000000.0;2975000000.0;1482493081.4200687;2862124365.832847;2372249305.878638;5200000000.0;5203000000.0;2000000.0;66000000.0;5100000000.0;31000000.0;6136000000.0
2021-03-31;1769000000.0;47667605.35049784;10999000000.0;-67482337.01665941;225000000.0;-85000000.0;-362000000.0;34000000.0;791000000.0;20575000000.0;9520000000.0;250062189.1798401;2274018473.207561;2446000000.0;2666000000.0;170000000.0;1000000.0;171000000.0;1259231836.7733264;2873051613.0520086;3081000000.0;518000000.0;2165000000.0;226000000.0;;40000000.0;-35000000.0;479000000.0;0.0;48000000.0;2804000000.0;202983323.81200027;223000000.0;218311331.25092748;;;52000000.0;54000000.0;205000000.0;145000000.0;1000000.0;-125000000.0;138000000.0;1337000000.0;24636829.930604436;2349000000.0;935000000.0;129185048.48969206;77000000.0;10000000.0;121518579.24224246;15396000000.0;20575000000.0;4225000000.0;9127000000.0;515000000.0;1500000000.0;9000000.0;-223000000.0;-62000000.0;203000000.0;170000000.0;1000000.0;370000000.0;250000000.0;718000000.0;760000000.0;1475000000.0;1095000000.0;0.0;;1212000000.0;808000000.0;186000000.0;-22000000.0;17000000.0;16000000.0;40000000.0;104000000.0;5000000.0;171000000.0;4231000000.0;3250000000.0;0.0;0.0;8709000000.0;3451000000.0;1561978955.8746758;3130114890.7233615;2563505526.6220355;5170000000.0;5179000000.0;1000000.0;66000000.0;5100000000.0;20666666.666666664;5877000000.0
2021-06-30;1891000000.0;49043447.651614204;11081000000.0;-66471830.2205728;225000000.0;-84000000.0;-360000000.0;26000000.0;774000000.0;20917000000.0;9927000000.0;274231252.18626404;2234869012.7097797;2658000000.0;2666000000.0;229000000.0;3000000.0;232000000.0;1291877823.0243134;3073727443.88789;3273000000.0;536000000.0;2174000000.0;227500000.0;;40000000.0;-30500000.0;528000000.0;0.0;51000000.0;2804000000.0;251204474.3458702;295000000.0;270960983.2072137;;;65000000.0;60000000.0;205500000.0;200750000.0;57000000.0;-120000000.0;137000000.0;1351000000.0;23761842.502262898;2355000000.0;924000000.0;128926960.11363733;80000000.0;14000000.0;129101026.86759114;15488000000.0;20917000000.0;4334000000.0;9124000000.0;515000000.0;1500000000.0;9000000.0;-334250000.0;-85250000.0;139750000.0;227000000.0;3000000.0;434000000.0;247000000.0;688000000.0;735000000.0;1455000000.0;1063000000.0;2000000.0;;1153000000.0;806000000.0;163250000.0;-19000000.0;26000000.0;17500000.0;57000000.0;125250000.0;23750000.0;230000000.0;4214000000.0;3459000000.0;5500000.0;0.0;8896000000.0;3707000000.0;1600958630.178465;3473873157.7430916;2880655540.3919516;5420000000.0;5429000000.0;3000000.0;61000000.0;5100000000.0;10333333.333333332;5808000000.0
2021-09-30;2011000000.0;43998692.547520846;11377000000.0;-70547323.6545061;224000000.0;-85000000.0;-360000000.0;24000000.0;765000000.0;21025000000.0;9431000000.0;292017964.02505493;2195719552.2119994;2632000000.0;2666000000.0;236000000.0;4000000.0;240000000.0;1288893864.0400832;3160982817.193969;3414000000.0;547000000.0;2149000000.0;229000000.0;;41000000.0;-26000000.0;583000000.0;0.0;46000000.0;2841000000.0;258151215.4693448;316000000.0;279550280.274312;;;76000000.0;66000000.0;206000000.0;256500000.0;113000000.0;-116000000.0;136000000.0;1398000000.0;26970129.73951523;2354000000.0;870000000.0;150505046.7438646;86000000.0;15000000.0;134444298.7295895;15332000000.0;21025000000.0;3946000000.0;9125000000.0;11000000.0;5834523030.530991;12000000.0;-445500000.0;-108500000.0;76500000.0;236000000.0;4000000.0;446000000.0;258000000.0;907000000.0;984000000.0;920000000.0;1385000000.0;0.0;;1083000000.0;807000000.0;140500000.0;-14000000.0;35000000.0;19000000.0;74000000.0;146500000.0;42500000.0;240000000.0;4235000000.0;3525000000.0;11000000.0;12000000.0;8927000000.0;3860000000.0;1573612970.0173483;3763963876.196597;3167743227.997966;5681000000.0;5693000000.0;1000000.0;66000000.0;5100000000.0;0.0;5576000000.0
2021-12-31;2286000000.0;48814140.601428136;11485500000.0;-69728834.28015204;136000000.0;-84500000.0;-269000000.0;12000000.0;758000000.0;21549000000.0;9574000000.0;373909097.5779419;3044000000.0;2393000000.0;2665500000.0;252000000.0;2500000.0;254500000.0;1302091304.486242;3421707514.9877076;3593500000.0;503500000.0;2446000000.0;230500000.0;;74500000.0;-21500000.0;508500000.0;-21000000.0;49000000.0;2845500000.0;286040645.38955986;324000000.0;307828549.23406374;;;72000000.0;72000000.0;206500000.0;312250000.0;169000000.0;-111500000.0;135000000.0;1461000000.0;23907673.740319803;2466000000.0;905500000.0;94041617.7583063;99500000.0;17000000.0;147856175.40993738;15186000000.0;21549000000.0;4195000000.0;8827500000.0;11000000.0;5790683433.085602;14000000.0;-556750000.0;-131750000.0;13250000.0;249500000.0;2500000.0;478500000.0;247500000.0;861000000.0;948500000.0;939500000.0;1482500000.0;2500000.0;;880500000.0;799000000.0;117750000.0;-22000000.0;19333333.333333336;20500000.0;91000000.0;167750000.0;61250000.0;252000000.0;4252500000.0;3775500000.0;16500000.0;9000000.0;9353500000.0;4072000000.0;1583929885.3779602;3823805180.3522663;3243740782.1751885;6349000000.0;6363000000.0;2666666.666666667;105000000.0;5100000000.0;33333333.333333332;5413000000.0
2022-03-31;2561000000.0;53629588.6553354;11594000000.0;-68910344.90579806;48000000.0;-84000000.0;-178000000.0;0.0;751000000.0;22073000000.0;9717000000.0;455800231.13079834;2869500000.0;2154000000.0;2665000000.0;268000000.0;1000000.0;269000000.0;1315288744.932401;3682432212.781446;3773000000.0;460000000.0;2743000000.0;232000000.0;;108000000.0;-17000000.0;434000000.0;-42000000.0;52000000.0;2850000000.0;313930075.3097745;332000000.0;336106818.19381523;;;68000000.0;78000000.0;207000000.0;368000000.0;225000000.0;-107000000.0;134000000.0;1524000000.0;20845217.7411244;2578000000.0;941000000.0;37578188.77275343;113000000.0;19000000.0;161268052.09028524;15040000000.0;22073000000.0;4444000000.0;8530000000.0;11000000.0;5746843835.639847;16000000.0;-668000000.0;-155000000.0;-50000000.0;263000000.0;1000000.0;511000000.0;237000000.0;815000000.0;913000000.0;959000000.0;1580000000.0;5000000.0;;678000000.0;791000000.0;95000000.0;-30000000.0;3666666.666666668;22000000.0;108000000.0;189000000.0;80000000.0;264000000.0;4270000000.0;4026000000.0;22000000.0;6000000.0;9780000000.0;4284000000.0;1594246800.7385674;3883646484.507948;3319738336.3524265;7017000000.0;7033000000.0;4333333.333333334;144000000.0;5100000000.0;66666666.666666664;5250000000.0
2022-06-30;2794000000.0;58215729.65905662;11354000000.0;-73380762.7580931;48000000.0;-85000000.0;-179000000.0;0.0;746000000.0;22445000000.0;10262000000.0;479575172.5243683;2695000000.0;2226000000.0;2665000000.0;108000000.0;8000000.0;116000000.0;1415679873.9493208;4050272710.6915064;4700000000.0;466000000.0;2703000000.0;234250000.0;;109000000.0;-17000000.0;513000000.0;0.0;67000000.0;2828000000.0;147659070.25829557;231000000.0;173440595.32237625;;;114000000.0;95500000.0;169500000.0;419750000.0;221250000.0;-101000000.0;132250000.0;1586000000.0;17928592.979985908;2654000000.0;945000000.0;25066744.61227463;123000000.0;24000000.0;175453218.18634522;15297000000.0;22445000000.0;4766000000.0;8525000000.0;236509070.42163134;7448695674.576447;18000000.0;-563250000.0;-190000000.0;-7000000.0;109000000.0;8000000.0;374000000.0;227000000.0;786000000.0;894000000.0;992000000.0;1593000000.0;-1000000.0;;690000000.0;754000000.0;82750000.0;-42000000.0;-12000000.0;33500000.0;117250000.0;208750000.0;59000000.0;117000000.0;4165000000.0;4390000000.0;16500000.0;3000000.0;9617000000.0;5074000000.0;1687440984.6804352;4862427848.494237;4084042593.7378507;7130000000.0;7148000000.0;6000000.0;114000000.0;5100000000.0;100000000.0;4973000000.0
2022-09-30;3064000000.0;59591571.96017298;11503000000.0;-81329634.85826065;49000000.0;-87000000.0;-181000000.0;32000000.0;741000000.0;22563000000.0;10411000000.0;565828096.7653961;2520500000.0;1977000000.0;2664000000.0;541000000.0;6000000.0;547000000.0;1429288490.3060951;4295187887.904968;4511000000.0;473000000.0;2653000000.0;236500000.0;;110000000.0;-17000000.0;538000000.0;0.0;59000000.0;2828000000.0;561297579.0182323;705000000.0;581433489.8660469;;;156000000.0;113000000.0;132000000.0;471500000.0;217500000.0;-93000000.0;130500000.0;1764000000.0;17053605.551644363;2842000000.0;954000000.0;-2368207.9409632236;124000000.0;31000000.0;188408679.7950113;14918000000.0;22563000000.0;4968000000.0;7927000000.0;191868032.27923083;8436858850.197861;24000000.0;-458500000.0;-225000000.0;36000000.0;544000000.0;5000000.0;846000000.0;224000000.0;803000000.0;927000000.0;978000000.0;1541000000.0;-2000000.0;;607000000.0;747000000.0;70500000.0;-48000000.0;-12000000.0;45000000.0;126500000.0;228500000.0;38000000.0;549000000.0;4203000000.0;4614000000.0;11000000.0;0.0;10024000000.0;5357000000.0;1695076719.8928223;5322946102.375132;4427159670.690989;7621000000.0;7645000000.0;-1000000.0;59000000.0;5100000000.0;100000000.0;4918000000.0
2022-12-31;3122000000.0;58903650.80961481;11596000000.0;-71295885.36790346;75500000.0;-85000000.0;-205000000.0;16000000.0;730500000.0;23091000000.0;10828000000.0;166554202.6793785;2346000000.0;1928000000.0;2664000000.0;596500000.0;5000000.0;601500000.0;1452161949.3577378;4516159278.565287;4605500000.0;425000000.0;2613500000.0;238750000.0;;127500000.0;-16198741.485210998;506000000.0;0.0;56500000.0;2828500000.0;613728463.9116862;767000000.0;633519243.3544917;;;165000000.0;130500000.0;94500000.0;523250000.0;213750000.0;-97000000.0;128750000.0;1879500000.0;17491099.26581514;2987500000.0;982500000.0;90913212.23625389;125500000.0;24000000.0;194424773.1485157;15046000000.0;23091000000.0;5117000000.0;7928000000.0;180308326.24108052;320370112.082077;27000000.0;-353750000.0;-260000000.0;79000000.0;597500000.0;4500000.0;911500000.0;225500000.0;807500000.0;933500000.0;1008000000.0;1577000000.0;-500000.0;;700000000.0;768500000.0;58250000.0;-47500000.0;-12000000.0;56500000.0;135750000.0;248250000.0;17000000.0;602000000.0;4301000000.0;4904500000.0;5500000.0;0.0;10549500000.0;5517000000.0;1633513155.009697;5898681368.205655;4974633707.849821;8018000000.0;7977000000.0;1000000.0;59500000.0;4950000000.0;100000000.0;5006500000.0
2023-03-31;3180000000.0;58215729.65905662;11689000000.0;-61262135.877546296;102000000.0;-83000000.0;-229000000.0;0.0;720000000.0;23619000000.0;11245000000.0;133635231.50104523;2325500000.0;1879000000.0;2664000000.0;652000000.0;4000000.0;656000000.0;1473314839.5231142;4736766472.765303;4700000000.0;377000000.0;2574000000.0;241000000.0;;145000000.0;-15811697.566550352;474000000.0;0.0;54000000.0;2829000000.0;666159348.8051394;829000000.0;685604996.8429387;;;174000000.0;148000000.0;57000000.0;575000000.0;210000000.0;-101000000.0;127000000.0;1995000000.0;17928592.979985923;3133000000.0;1011000000.0;117484199.84225947;127000000.0;17000000.0;200433872.72592616;15174000000.0;23619000000.0;5266000000.0;7929000000.0;167593498.50603843;-4313086537.785187;30000000.0;-249000000.0;-295000000.0;122000000.0;651000000.0;4000000.0;977000000.0;227000000.0;812000000.0;940000000.0;1038000000.0;1632000000.0;1000000.0;;793000000.0;790000000.0;46000000.0;-47000000.0;-992335.6188111492;68000000.0;145000000.0;268000000.0;-4000000.0;655000000.0;4399000000.0;5195000000.0;0.0;0.0;11075000000.0;5677000000.0;1771752623.0486984;5803551988.526451;4613953600.992942;8415000000.0;8445000000.0;3000000.0;60000000.0;4800000000.0;25936975.217197537;5095000000.0
2023-06-30;3188000000.0;46291763.04938145;11768000000.0;-59272775.53031929;102000000.0;-82000000.0;-228000000.0;0.0;723000000.0;24073000000.0;11443000000.0;119244751.30490494;2305000000.0;2105000000.0;2663000000.0;611000000.0;6000000.0;617000000.0;1383215304.803783;4539518765.500807;4787000000.0;385000000.0;2570000000.0;246500000.0;;144000000.0;-15627150.265583634;567000000.0;0.0;54000000.0;2840000000.0;640395138.6762947;783000000.0;659274724.7699065;;;167000000.0;134750000.0;32500000.0;498250000.0;165500000.0;-102000000.0;124750000.0;2075000000.0;25511817.35894598;3241000000.0;1037000000.0;138034949.15890527;129000000.0;18000000.0;196890576.64815617;15346000000.0;24073000000.0;5346000000.0;7931000000.0;-43618783.617061615;-7969507202.558456;34000000.0;-292250000.0;-316500000.0;213250000.0;610000000.0;6000000.0;1011000000.0;253000000.0;892000000.0;1054000000.0;1151000000.0;1683000000.0;1000000.0;;721000000.0;792000000.0;45500000.0;-22000000.0;-70513.58020466939;76000000.0;146500000.0;283500000.0;-8250000.0;616000000.0;4483000000.0;4946000000.0;0.0;0.0;11459000000.0;5798000000.0;1686479045.530758;5757288142.724562;4633666557.7741165;8693000000.0;8727000000.0;2000000.0;61000000.0;4500000000.0;28331832.095591426;5201000000.0
2023-09-30;3238000000.0;48584833.55124207;11891000000.0;-65930081.25251816;102000000.0;-83000000.0;-227000000.0;26000000.0;718000000.0;24442000000.0;11600000000.0;132549833.67479706;2284500000.0;2036000000.0;2663000000.0;717000000.0;8000000.0;725000000.0;1371965997.9016576;4665886838.810234;4767000000.0;392000000.0;2517000000.0;252000000.0;;144000000.0;-15863383.513743628;643000000.0;0.0;58000000.0;2850000000.0;713777604.6776111;916000000.0;741948394.6122768;;;192000000.0;121500000.0;8000000.0;421500000.0;121000000.0;-93000000.0;122500000.0;2100000000.0;24053504.97837674;3336000000.0;1099000000.0;122536570.62579158;137000000.0;26000000.0;200845461.52923492;15253000000.0;24442000000.0;5419000000.0;7783000000.0;17104747.49333;-11661511194.01883;39000000.0;-335500000.0;-338000000.0;304500000.0;716000000.0;8000000.0;1037000000.0;248000000.0;869000000.0;1032000000.0;1104000000.0;1710000000.0;1000000.0;;692000000.0;790000000.0;45000000.0;-28000000.0;-628934.46018444;84000000.0;148000000.0;299000000.0;-12500000.0;724000000.0;4733000000.0;5124000000.0;0.0;0.0;12018000000.0;5804000000.0;1689495197.9177628;6123992749.573811;5000166590.207731;9150000000.0;9189000000.0;3000000.0;84000000.0;4300000000.0;21478382.275529087;5330000000.0
2023-12-31;3147000000.0;42164236.14603238;12064000000.0;-65964008.142334476;207000000.0;-84000000.0;-331000000.0;63000000.0;742000000.0;24683000000.0;11543000000.0;142298068.5920906;2264000000.0;2264000000.0;2663000000.0;661000000.0;6000000.0;667000000.0;1267159353.5119035;4418039362.985689;4792000000.0;408000000.0;2505000000.0;257500000.0;;147500000.0;-16005417.89916168;689000000.0;0.0;59500000.0;2850000000.0;678078481.5421063;851500000.0;698696933.8651546;;;185000000.0;108250000.0;-16500000.0;344750000.0;76500000.0;-92500000.0;120250000.0;2069000000.0;28136779.64397064;3226000000.0;1021000000.0;164149914.27718553;136000000.0;24000000.0;193304646.4252904;15250000000.0;24683000000.0;5608000000.0;7636000000.0;-103922442.76604843;-17594644498.46765;42000000.0;-378750000.0;-359500000.0;395750000.0;661000000.0;5500000.0;1012000000.0;262000000.0;911000000.0;1088000000.0;1193000000.0;1797000000.0;500000.0;;750000000.0;687000000.0;44500000.0;-68000000.0;525443.3351323195;92000000.0;149500000.0;314500000.0;-16750000.0;666500000.0;4900000000.0;4860000000.0;52019458.950514436;0.0;12536000000.0;5804000000.0;1608885056.2436619;5849924890.202327;4719326312.240709;9391000000.0;9433000000.0;1500000.0;62500000.0;4050000000.0;36820888.818852186;5540000000.0
2024-03-31;3092000000.0;39871165.644171774;12218000000.0;-61638681.360483244;210000000.0;-83000000.0;-332000000.0;0.0;743000000.0;24654000000.0;11423000000.0;134061858.01475906;2264000000.0;1891000000.0;2662000000.0;605000000.0;4000000.0;609000000.0;1283193402.9555604;4563371282.356535;4817000000.0;381000000.0;2472000000.0;263000000.0;;151000000.0;-15935329.73841363;542000000.0;0.0;61000000.0;2850000000.0;642379358.4066014;787000000.0;655445473.1180321;;;178000000.0;95000000.0;-41000000.0;268000000.0;32000000.0;-92000000.0;118000000.0;2098000000.0;29595092.024539858;3258000000.0;1019000000.0;170090738.8926409;141000000.0;22000000.0;194414479.65140697;14972000000.0;24654000000.0;5379000000.0;7637000000.0;-30705234.123650074;-22731825213.043076;46000000.0;-422000000.0;-381000000.0;487000000.0;606000000.0;3000000.0;987000000.0;267000000.0;883000000.0;1082000000.0;1171000000.0;1854000000.0;0.0;;739000000.0;692000000.0;44000000.0;-108000000.0;-130283.59087795019;100000000.0;151000000.0;330000000.0;-21000000.0;609000000.0;4973000000.0;5103000000.0;80533143.93937564;0.0;12988000000.0;5804000000.0;1625736263.5941677;5826699386.644534;4524476727.389261;9636000000.0;9682000000.0;0.0;41000000.0;3800000000.0;43109088.21032226;5682000000.0
2024-06-30;3295000000.0;43998692.54752083;12371000000.0;-61638681.360483244;210000000.0;-83000000.0;-332000000.0;0.0;752000000.0;25152000000.0;11878000000.0;412810490.82185364;2264000000.0;2138000000.0;2663000000.0;709000000.0;4000000.0;713000000.0;1294901488.4928439;4786584078.033057;4801000000.0;375000000.0;2420000000.0;263000000.0;;151000000.0;-19659897.883192327;619000000.0;30262406.586067513;62000000.0;2858000000.0;709159132.4969001;920000000.0;723919440.1371313;;;207000000.0;95000000.0;-41000000.0;268000000.0;32000000.0;-92000000.0;118000000.0;2063000000.0;26970129.73951523;3282000000.0;1070000000.0;111455729.91202244;149000000.0;22000000.0;204905395.6607214;15106000000.0;25152000000.0;5576000000.0;7638000000.0;102654681.61786175;-24229918429.131775;46000000.0;-422000000.0;-381000000.0;487000000.0;709000000.0;4000000.0;1032000000.0;258000000.0;832000000.0;1026000000.0;1131000000.0;1897000000.0;0.0;;708000000.0;685000000.0;44000000.0;-20000000.0;-97327.57327298075;100000000.0;151000000.0;330000000.0;-21000000.0;713000000.0;5073000000.0;5327000000.0;132573778.73222852;-379846745.1015904;13450000000.0;5833000000.0;1625554419.8834915;6538977090.429843;5158117223.406084;10000000000.0;10046000000.0;4000000.0;56000000.0;3600000000.0;61108950.135760725;5781000000.0
