end;AccountsPayableCurrent;AccountsReceivableGrossCurrent;AccountsReceivableNetCurrent;AccrualForEnvironmentalLossContingencies;AccumulatedOtherComprehensiveIncomeLossCumulativeChangesInNetGainLossFromCashFlowHedgesEffectNetOfTax;AccumulatedOtherComprehensiveIncomeLossDefinedBenefitPensionAndOtherPostretirementPlansNetOfTax;AccumulatedOtherComprehensiveIncomeLossForeignCurrencyTranslationAdjustmentNetOfTax;AccumulatedOtherComprehensiveIncomeLossNetOfTax;AdditionalCollateralAggregateFairValue;AdditionalPaidInCapital;AdjustmentsToAdditionalPaidInCapitalShareBasedCompensationRestrictedStockUnitsRequisiteServicePeriodRecognition;Assets;AssetsCurrent;CashAndCashEquivalentsAtCarryingValue;CashCashEquivalentsRestrictedCashAndRestrictedCashEquivalents;CommonStockValue;ComprehensiveIncomeNetOfTax;ComprehensiveIncomeNetOfTaxAttributableToNoncontrollingInterest;ComprehensiveIncomeNetOfTaxIncludingPortionAttributableToNoncontrollingInterest;ContractWithCustomerAssetGross;ContractWithCustomerLiability;CostOfGoodsAndServicesSold;CostOfGoodsSold;CostsAndExpenses;DebtCurrent;DebtInstrumentCarryingAmount;DebtInstrumentFaceAmount;DeferredCreditsAndOtherLiabilitiesNoncurrent;DeferredIncomeTaxExpenseBenefit;DeferredTaxAssetsLiabilitiesNetNoncurrent;DepreciationDepletionAndAmortization;DerivativeAssetsCurrent;DerivativeFairValueOfDerivativeAsset;DerivativeFairValueOfDerivativeLiability;DividendsCommonStockCash;EquityMethodInvestmentDividendsOrDistributions;EquityMethodInvestmentOtherThanTemporaryImpairment;GainLossOnSalesOfAssetsAndAssetImpairmentCharges;GeneralAndAdministrativeExpense;Goodwill;IncomeLossFromContinuingOperationsBeforeIncomeTaxesExtraordinaryItemsNoncontrollingInterest;IncomeLossFromContinuingOperationsIncludingPortionAttributableToNoncontrollingInterest;IncomeLossFromEquityMethodInvestments;IncomeTaxExpenseBenefit;IncomeTaxesPaidNet;IncreaseDecreaseInAccountsReceivable;IncreaseDecreaseInInterestPayableNet;IncreaseDecreaseInInventories;IncreaseDecreaseInOtherCurrentAssets;IntangibleAssetsNetExcludingGoodwill;InterestIncomeExpenseNet;InterestIncomeExpenseNonoperatingNet;InterestPaidNet;InterestPayableCurrent;InventoryNet;Liabilities;LiabilitiesAndStockholdersEquity;LiabilitiesCurrent;LiabilitiesNoncurrent;LitigationReserve;LongTermDebtNoncurrent;LongTermInvestments;LossContingencyAccrualCarryingValueCurrent;MinorityInterest;MinorityInterestDecreaseFromDistributionsToNoncontrollingInterestHolders;NetCashProvidedByUsedInFinancingActivities;NetCashProvidedByUsedInInvestingActivities;NetCashProvidedByUsedInOperatingActivities;NetIncomeLoss;NetIncomeLossAttributableToNoncontrollingInterest;NetIncomeLossAvailableToCommonStockholdersBasic;NonoperatingIncomeExpense;OperatingCostsAndExpenses;OperatingIncomeLoss;OperatingLeaseLeaseIncome;OtherAccruedLiabilitiesCurrent;OtherAssetsCurrent;OtherAssetsNoncurrent;OtherComprehensiveIncomeDefinedBenefitPlansAdjustmentNetOfTaxPortionAttributableToNoncontrollingInterest;OtherComprehensiveIncomeDefinedBenefitPlansAdjustmentNetOfTaxPortionAttributableToParent;OtherComprehensiveIncomeDefinedBenefitPlansTaxPortionAttributableToNoncontrollingInterest;OtherComprehensiveIncomeDefinedBenefitPlansTaxPortionAttributableToParent;OtherComprehensiveIncomeForeignCurrencyTransactionAndTranslationAdjustmentNetOfTaxPortionAttributableToNoncontrollingInterest;OtherComprehensiveIncomeForeignCurrencyTransactionAndTranslationAdjustmentNetOfTaxPortionAttributableToParent;OtherComprehensiveIncomeForeignCurrencyTranslationAdjustmentTaxPortionAttributableToNoncontrollingInterest;OtherComprehensiveIncomeForeignCurrencyTranslationAdjustmentTaxPortionAttributableToParent;OtherComprehensiveIncomeLossDerivativeExcludedComponentIncreaseDecreaseAdjustmentsAfterTax;OtherComprehensiveIncomeLossDerivativeExcludedComponentIncreaseDecreaseAdjustmentsTax;OtherComprehensiveIncomeLossDerivativeExcludedComponentIncreaseDecreaseBeforeAdjustmentsAfterTax;OtherComprehensiveIncomeLossDerivativeExcludedComponentIncreaseDecreaseBeforeAdjustmentsTax;OtherComprehensiveIncomeLossForeignCurrencyTransactionAndTranslationAdjustmentNetOfTax;OtherComprehensiveIncomeLossForeignCurrencyTranslationAdjustmentTax;OtherComprehensiveIncomeLossNetOfTax;OtherComprehensiveIncomeLossNetOfTaxPortionAttributableToNoncontrollingInterest;OtherComprehensiveIncomeLossNetOfTaxPortionAttributableToParent;OtherComprehensiveIncomeLossPensionAndOtherPostretirementBenefitPlansAdjustmentNetOfTax;OtherComprehensiveIncomeLossPensionAndOtherPostretirementBenefitPlansTax;OtherComprehensiveIncomeLossReclassificationAdjustmentFromAOCIOnDerivativesNetOfTax;OtherComprehensiveIncomeLossReclassificationAdjustmentFromAOCIOnDerivativesTax;OtherComprehensiveIncomeUnrealizedGainLossOnDerivativesArisingDuringPeriodNetOfTax;OtherComprehensiveIncomeUnrealizedGainLossOnDerivativesArisingDuringPeriodTax;OtherDepreciationAndAmortization;OtherNonoperatingIncomeExpense;OtherOperatingActivitiesCashFlowStatement;OtherOperatingIncomeExpenseNet;OtherSalesRevenueNet;ParticipatingSecuritiesDistributedAndUndistributedEarningsLossBasic;PaymentsForProceedsFromOtherInvestingActivities;PaymentsOfDebtIssuanceCosts;PaymentsOfDividendsMinorityInterest;PaymentsToAcquirePropertyPlantAndEquipment;PreferredStockDividendsIncomeStatementImpact;PreferredStockValue;ProceedsFromEquityMethodInvestmentDividendsOrDistributionsReturnOfCapital;ProceedsFromPaymentsForOtherFinancingActivities;ProfitLoss;PropertyPlantAndEquipmentNet;RecordedThirdPartyEnvironmentalRecoveriesReceivable;RedeemableNoncontrollingInterestEquityCarryingAmount;RestrictedCashAndInvestmentsCurrent;RestrictedCashEquivalents;RetainedEarningsAccumulatedDeficit;RevenueFromContractWithCustomerExcludingAssessedTax;RevenueNotFromContractWithCustomer;RevenueNotFromContractWithCustomerOther;RevenueRemainingPerformanceObligation;Revenues;SalesRevenueServicesNet;StockholdersEquity;StockholdersEquityIncludingPortionAttributableToNoncontrollingInterest;TaxesExcludingIncomeAndExciseTaxes;TaxesPayableCurrent
2009-12-31;;-355742980.7189522;;;;174935592.35608885;-43818574712.64366;-168948783.3051554;;14636000000.0;-10885012.330393702;;;165600000.0;348451535.82865125;23275738.67384964;99000000.0;-32000000.0;67000000.0;-142804938.38405353;297699204.02483904;-320235178.8789191;;1907100000.0;;;47304135645.59833;;3000000.0;;261700000.0;;414090826.2014327;-4719895096.496472;569000000.0;;;-328554979.03841865;308200000.0;21965000000.0;73400000.0;52800000.0;57200000.0;20600000.0;1000000.0;-100000000.0;-186000000.0;0.0;-50000000.0;2935000000.0;-486631825.7774677;-79048501.96147978;325000000.0;;1434444.0914141536;43164000000.0;79063000000.0;;25783990675.98947;-75073387.22645503;35268000000.0;;633000000.0;-67377400376.55707;-302540504.5413856;-570000000.0;-227000000.0;483000000.0;10600000.0;42000000.0;48801062.450518;-107700000.0;;181100000.0;382589942.37622654;;433211785.16358984;3223781180.416959;6000000.0;4000000.0;-1000000.0;-2000000.0;23000000.0;16000000.0;3000000.0;9000000.0;309533304.7475305;1803283554.423538;;;-7155790.472660974;;63109898.08409369;-78000000.0;-56000000.0;13819069.736309506;7306008.528124675;;;-201000000.0;-62000000.0;1400000.0;5400000.0;-9000000.0;22334042.7040896;-259551335.97723997;84889090.4398047;4187998.5891924384;8000000.0;229000000.0;270000000.0;88118627.61381558;;;-1000000.0;52600000.0;194618001396.86768;22201885.80099006;1464643699.4886267;-3567843235.0583086;;-10158844827.35698;1807117913.0606227;18694765786.298885;;6310567151.339962;2088200000.0;758700000.0;-120207368097.89284;718180708768.5548;41900000.0;
2010-09-30;;-355742980.7189522;;;;174935592.35608885;-57436571004.58292;-168948783.30515537;;14636000000.0;-10885012.330393717;;;196600000.0;37224807.26728965;23275738.67384964;99000000.0;-32000000.0;67000000.0;-142804938.38405353;297699204.02483904;-320235178.8789191;;1907100000.0;;;41271900827.92942;;3000000.0;;261700000.0;;414090826.2014338;-4719895096.496471;569000000.0;;;-328789486.6948247;308200000.0;21965000000.0;73400000.0;52800000.0;57200000.0;20600000.0;1000000.0;-100000000.0;-186000000.0;0.0;-50000000.0;2935000000.0;-471804781.9825897;-79048501.96147978;325000000.0;;1434444.09141469;43164000000.0;79063000000.0;;25783990675.98947;-75073387.22645503;35268000000.0;;633000000.0;-90713061590.81319;-303326255.4158952;-570000000.0;-227000000.0;483000000.0;10600000.0;42000000.0;132000000.0;-107700000.0;;181100000.0;-3574665354.56126;;433211785.16358995;3223781180.4169593;6000000.0;4000000.0;-1000000.0;-2000000.0;23000000.0;16000000.0;3000000.0;9000000.0;187667892.62506348;2366993417.7862043;99478641.90546548;;8000000.0;-2000000.0;198000000.0;-78000000.0;-56000000.0;0.0;0.0;;;-201000000.0;-62000000.0;1400000.0;5400000.0;-9000000.0;24787788.945785403;9000000.0;110463541.42430097;4187998.5891924384;8000000.0;229000000.0;270000000.0;63754999.57666072;;;-1000000.0;52600000.0;272797904792.16003;24507692.751612805;1452053045.9133;-3567843235.0583086;;-9016392821.256893;1788608287.2962089;24427646123.82829;;6310567151.339962;2088200000.0;758700000.0;-218583728814.75024;8803000000.0;41900000.0;
2011-03-31;640400000.0;243212848.67027903;;258000000.0;;345840791.2214153;-1699694522.3263998;-32400000.0;;3423300000.0;-11267786.294962134;30157400000.0;1478200000.0;222366666.66666666;656306997.2604996;23275738.67384964;99000000.0;-32000000.0;67000000.0;-145419711.11132637;297699204.02483904;-44810058.27427888;;1567000000.0;;;16224663514.950157;;3000000.0;;250000000.0;;561374825.515817;-1453454699.9688118;569000000.0;;;-246419256.48372793;180000000.0;4940600000.0;246000000.0;150000000.0;50000000.0;96000000.0;1000000.0;-100000000.0;-186000000.0;0.0;-50000000.0;1201300000.0;-336297190.02779627;-166449199.31666252;325000000.0;126800000.0;101300000.0;21409900000.0;30157400000.0;4395000000.0;12770266597.570034;-200643902.07882023;13851500000.0;3668700000.0;633000000.0;5292000000.0;-317940244.55329144;-570000000.0;-227000000.0;483000000.0;155000000.0;46000000.0;132000000.0;-119000000.0;625516395.4401772;365000000.0;-1096350162.996631;258900000.0;68600000.0;2191077944.705207;6000000.0;4000000.0;-1000000.0;-2000000.0;23000000.0;16000000.0;3000000.0;9000000.0;-217218672.61700493;59794447.20986689;99478641.90546541;;8000000.0;-2000000.0;198000000.0;-78000000.0;-56000000.0;0.0;0.0;;;-201000000.0;-62000000.0;1000000.0;1000000.0;-9000000.0;24787788.945785213;9000000.0;5790285.16352959;4330571.865707574;8000000.0;229000000.0;270000000.0;69434928.12803829;0.0;;-1000000.0;201000000.0;17715900000.0;22674436.224492934;927733421.462914;-3625355715.27918;;56500000.0;1506756705.3248692;939912064.8028517;;5386746059.241512;1932000000.0;741000000.0;3455500000.0;8803000000.0;46000000.0;
2011-06-30;640400000.0;304853241.55151844;;258000000.0;;345869637.2138264;-1699728876.1333761;-32400000.0;;3423300000.0;-11894930.078718336;30157400000.0;1478200000.0;248133333.33333334;-1119777353.321792;23202052.96056458;211000000.0;69000000.0;280000000.0;-149074779.95430905;147250467.3308527;-32337789.79933846;580000000.0;1716000000.0;;;16224666645.682808;;5000000.0;;258000000.0;;560412575.2817522;-1175306481.9246743;569000000.0;;;-1313767840.8056781;110000000.0;4940600000.0;129000000.0;42000000.0;56000000.0;87000000.0;2666666.666666667;-96333333.33333333;-191666666.66666666;25666666.666666668;-49666666.666666664;1201300000.0;-336297197.72303885;-170812838.1446862;333000000.0;126800000.0;101300000.0;21409900000.0;30157400000.0;4395000000.0;12851868727.480398;-198599687.54569423;13851500000.0;3668700000.0;633000000.0;5292000000.0;-251000000.0;-419666666.6666666;-273000000.0;508666666.6666667;132000000.0;-50000000.0;132000000.0;-107000000.0;625516395.4401772;236000000.0;-1110392458.0180337;258900000.0;68600000.0;2124488349.465425;0.0;0.0;0.0;0.0;5000000.0;3000000.0;0.0;-2000000.0;-231237060.1809395;59795869.26781296;99478641.90546548;;8000000.0;-2000000.0;198000000.0;119000000.0;79000000.0;0.0;0.0;;;126000000.0;-40000000.0;2000000.0;7000000.0;-19000000.0;4086227.4747867337;9000000.0;5790349.679610649;-20000000.0;7333333.333333333;236333333.33333334;298000000.0;69820717.25430632;0.0;;-666666.6666666667;82000000.0;17715900000.0;22386691.424348626;-4971127604.631873;-127415142.19338001;;56500000.0;1529842037.672234;816095472.9541812;;7149958439.607922;1952000000.0;712000000.0;3455500000.0;8803000000.0;51000000.0;
2011-09-30;640400000.0;139364242.56517863;;303000000.0;;345898483.20623755;-1701242663.3480234;-32400000.0;;3423300000.0;-11354288.885825068;30157400000.0;1478200000.0;273900000.0;-1694387283.8737142;23128367.247279517;233000000.0;57000000.0;290000000.0;-145490562.9797871;38125448.66750547;47266041.33732104;580000000.0;1741000000.0;;12178000000.0;16437011626.443665;;7000000.0;;281000000.0;;559931665.9896746;-2052252962.6667213;569000000.0;;;-1180184620.8261356;109000000.0;4940600000.0;95000000.0;29000000.0;50000000.0;66000000.0;4333333.333333334;-92666666.66666667;-197333333.33333334;51333333.333333336;-49333333.333333336;1201300000.0;-307346138.00355273;-235405409.79734975;341000000.0;126800000.0;101300000.0;21409900000.0;30157400000.0;4395000000.0;12357562060.167492;-264590625.29777098;13851500000.0;3668700000.0;633000000.0;5292000000.0;-251000000.0;-269333333.3333333;-319000000.0;534333333.3333333;152000000.0;-68000000.0;152000000.0;-286000000.0;575854563.9633927;381000000.0;-3683796080.538419;258900000.0;68600000.0;2332695539.512457;0.0;0.0;0.0;0.0;-75000000.0;-50000000.0;8000000.0;30000000.0;-640584384.6713511;59858531.70108401;106505231.62455899;;-125000000.0;38000000.0;206000000.0;125000000.0;81000000.0;0.0;0.0;;;297000000.0;-92000000.0;2000000.0;3000000.0;-29000000.0;4086227.4747866928;7000000.0;5793192.555764528;-20000000.0;6666666.666666667;243666666.66666666;326000000.0;71772365.5418179;0.0;;-333333.3333333334;84000000.0;17715900000.0;22000000.0;-12648599106.398521;-290858527.3642985;;56500000.0;1732720481.7411351;731771641.585249;;10494571059.531311;2122000000.0;737000000.0;3455500000.0;8748000000.0;37000000.0;
2012-03-31;629000000.0;332147356.3815038;;303000000.0;-51330451.48895293;376730302.85551405;-1681129781.4978666;-128000000.0;;3438000000.0;-10835273.34064752;30370000000.0;3902000000.0;3000000.0;1428602610.9453838;23054681.53399446;8000000.0;-115000000.0;-107000000.0;-142259818.3994015;322495604.120777;-44260601.89628196;580000000.0;1341000000.0;;12178000000.0;17049754590.197792;;9000000.0;;274000000.0;;458921243.4376571;-1523704307.9862378;569000000.0;;;-722751430.3761708;129000000.0;4829000000.0;401000000.0;305000000.0;65000000.0;96000000.0;6000000.0;-89000000.0;-203000000.0;77000000.0;-49000000.0;1164000000.0;-305869673.2465621;-199100422.8918745;349000000.0;126000000.0;177000000.0;22248000000.0;30370000000.0;3708000000.0;13054406775.66307;-253148206.3768613;15230000000.0;2180000000.0;633000000.0;5006000000.0;-251000000.0;-119000000.0;-365000000.0;560000000.0;21000000.0;-94000000.0;21000000.0;-115000000.0;575854563.9633927;516000000.0;-3652249416.4460053;377000000.0;27000000.0;2105920248.9427574;0.0;0.0;0.0;0.0;17000000.0;12000000.0;-2000000.0;-7000000.0;-614910408.3976333;81107459.72375548;-104292459.94824797;;29000000.0;-9000000.0;-34000000.0;-21000000.0;-13000000.0;0.0;0.0;10000000.0;-2000000.0;-86000000.0;27000000.0;2000000.0;1000000.0;-39000000.0;4086227.4747867063;9000000.0;6621413.719991937;-20000000.0;6000000.0;251000000.0;354000000.0;69832002.08115572;0.0;;0.0;-73000000.0;17304000000.0;22000000.0;1769147934.9414;-59355960.114950955;;-202000000.0;1407859762.632526;967299156.9123244;;6480899094.389301;1857000000.0;761000000.0;3116000000.0;8122000000.0;50000000.0;
2012-06-30;947000000.0;783957255.0126967;1333000000.0;303000000.0;-51330451.48895293;105276345.5715068;206236909.5176072;-42000000.0;;14807000000.0;-4953097.161968734;69575000000.0;5331000000.0;675000000.0;799401014.7814394;22894151.944337722;-40000000.0;-1000000.0;-41000000.0;-101634059.24068826;42546235.99799663;190566276.0230863;637000000.0;1907000000.0;;12178000000.0;36457154966.12214;;49750000.0;;333000000.0;;16305541.096505165;-2656346774.6259613;569000000.0;;;-1428303158.058383;501000000.0;23453000000.0;46000000.0;37000000.0;72000000.0;9000000.0;2750000.0;-68500000.0;-186250000.0;61000000.0;-45000000.0;1142000000.0;-314363893.778111;-62680215.26626785;390000000.0;516000000.0;313000000.0;46385000000.0;69575000000.0;6132000000.0;33145188519.575527;425000000.0;33833000000.0;6114000000.0;633000000.0;8970000000.0;-282000000.0;-152500000.0;-302750000.0;611750000.0;-126000000.0;-117000000.0;-126000000.0;-214000000.0;575854563.9633927;260000000.0;-2913648120.8193903;901000000.0;787000000.0;2692296311.184629;0.0;-13000000.0;0.0;-8000000.0;-18000000.0;-13000000.0;2000000.0;7000000.0;-1114401995.4583495;-24305253.64039827;102991936.76501216;;-31000000.0;9000000.0;202000000.0;116000000.0;86000000.0;-13000000.0;-8000000.0;10000000.0;-2000000.0;228000000.0;-71000000.0;2000000.0;7000000.0;-62250000.0;6529671.220697342;9000000.0;2090612.9012624172;-10250000.0;6250000.0;282000000.0;415000000.0;75393581.59013715;0.0;;0.0;-243000000.0;30613000000.0;22000000.0;1820625454.4685345;-5584722.190908293;;-556000000.0;1753323595.4107027;-52571531.43410042;;13983398797.000626;2167000000.0;1033000000.0;14220000000.0;23190000000.0;69000000.0;
2012-09-30;1066000000.0;1090561448.8841772;1333000000.0;413000000.0;-13000000.0;177000000.0;34000000.0;-56000000.0;;14924000000.0;5000000.0;70053000000.0;5122000000.0;775000000.0;1999355276.4446568;22733622.35468098;186000000.0;39000000.0;225000000.0;-28493978.462092638;294242399.01981086;559804494.1225929;854000000.0;2018000000.0;;12178000000.0;36448284262.134346;;90500000.0;;403000000.0;;47523786.57145095;-1107039173.0785618;384000000.0;101000000.0;;14440475.977007866;186000000.0;23557000000.0;446000000.0;386000000.0;101000000.0;60000000.0;-500000.0;-48000000.0;-169500000.0;45000000.0;-41000000.0;1192000000.0;-402000000.0;-217388531.7751838;431000000.0;363000000.0;322000000.0;46155000000.0;70053000000.0;6860000000.0;32371868641.360695;425000000.0;32475000000.0;6135000000.0;633000000.0;9752000000.0;-313000000.0;-186000000.0;-240500000.0;663500000.0;200000000.0;55000000.0;200000000.0;-406000000.0;454458975.9090307;852000000.0;-6453437732.710072;934000000.0;625000000.0;2203307069.6249413;-2000000.0;1000000.0;1000000.0;-1000000.0;-32000000.0;22000000.0;4000000.0;-13000000.0;-1062100652.7451519;-15335807.230156373;-100779165.08870114;;54000000.0;-17000000.0;-30000000.0;16000000.0;-14000000.0;3000000.0;-2000000.0;10000000.0;-2000000.0;-71000000.0;24000000.0;5000000.0;21000000.0;-85500000.0;-1000000.0;8000000.0;2449869.4286668627;-500000.0;6500000.0;313000000.0;476000000.0;86843043.70462906;0.0;37000000.0;0.0;255000000.0;30881000000.0;27000000.0;1602856949.4358444;240169723.05002993;;-733000000.0;2583233199.7861857;145698374.3017244;;16777668404.652771;2870000000.0;1531000000.0;14146000000.0;23898000000.0;88000000.0;
2012-12-31;1088500000.0;1184255883.6196494;1333000000.0;399000000.0;-13000000.0;177000000.0;34000000.0;-106000000.0;;14890500000.0;5000000.0;69180500000.0;4404000000.0;940500000.0;1203672365.3799984;22573092.765024245;220000000.0;185000000.0;405000000.0;-23203462.77875614;264267808.00617623;626972530.8737695;912000000.0;2030500000.0;;12968800000.0;35847942178.39444;;131250000.0;;409000000.0;;44513942.24411082;-711161739.7086089;384000000.0;101000000.0;;363002773.8095958;163000000.0;23563000000.0;691500000.0;522000000.0;101000000.0;169500000.0;-3750000.0;-27500000.0;-152750000.0;29000000.0;-37000000.0;1171500000.0;-402000000.0;-227594876.11479622;472000000.0;370000000.0;355500000.0;45077500000.0;69180500000.0;6221000000.0;32373006075.783916;425000000.0;31994500000.0;5954000000.0;633000000.0;10192500000.0;-344000000.0;-219500000.0;-178250000.0;715250000.0;246000000.0;209500000.0;246000000.0;-243000000.0;469909323.4795858;934500000.0;-6627789479.16774;1024000000.0;466500000.0;2107903526.6884124;-1000000.0;1000000.0;500000.0;-500000.0;-24000000.0;2500000.0;1000000.0;-10000000.0;-1009399975.2842913;-15335807.230156373;-118784801.2438784;;10500000.0;-13000000.0;-50500000.0;-8500000.0;-26000000.0;2000000.0;-1000000.0;8000000.0;-500000.0;-51000000.0;7500000.0;7000000.0;13000000.0;-108750000.0;-1000000.0;363500000.0;2449869.428666863;9250000.0;6750000.0;344000000.0;537000000.0;56695273.029091634;0.0;37000000.0;0.0;455500000.0;31041000000.0;24000000.0;1393647469.7944067;133441731.31333035;;-884000000.0;2666293378.976883;164562390.46211082;;17583891221.275906;2965000000.0;1567500000.0;13910500000.0;24103500000.0;93000000.0;
2013-03-31;1111000000.0;1277950318.3551219;1290000000.0;385000000.0;-13000000.0;177000000.0;34000000.0;-156000000.0;;14857000000.0;5000000.0;68308000000.0;3686000000.0;1106000000.0;407989454.31533754;22412563.175367504;254000000.0;331000000.0;585000000.0;-17912947.095419794;234293216.99254164;694140567.6249459;970000000.0;2043000000.0;;13759600000.0;35247600094.65452;;172000000.0;;415000000.0;;41761631.6000545;-315259951.10563135;384000000.0;101000000.0;;711565071.6421803;140000000.0;23569000000.0;937000000.0;658000000.0;101000000.0;279000000.0;-7000000.0;-7000000.0;-136000000.0;13000000.0;-33000000.0;1151000000.0;-402000000.0;-237801220.45440876;513000000.0;377000000.0;389000000.0;44000000000.0;68308000000.0;5582000000.0;32375976982.733444;518500000.0;31514000000.0;5773000000.0;633000000.0;10633000000.0;-375000000.0;-253000000.0;-116000000.0;767000000.0;292000000.0;364000000.0;292000000.0;-80000000.0;485359671.0501411;1017000000.0;-6802420647.8837;1114000000.0;308000000.0;2012605031.9521484;0.0;1000000.0;0.0;0.0;-16000000.0;-17000000.0;-2000000.0;-7000000.0;-956681050.9897588;-15335807.230156373;-136790437.3990557;;-33000000.0;-9000000.0;-71000000.0;-33000000.0;-38000000.0;1000000.0;0.0;6000000.0;1000000.0;-31000000.0;-9000000.0;9000000.0;5000000.0;-132000000.0;-1000000.0;719000000.0;2449869.4286668627;19000000.0;7000000.0;375000000.0;598000000.0;26547502.35355419;0.0;37000000.0;0.0;656000000.0;31201000000.0;21000000.0;1184404464.4726646;26713739.576630976;;-1035000000.0;2749353558.16758;183426406.62249804;;18390114037.899044;3060000000.0;1604000000.0;13675000000.0;24309000000.0;98000000.0;
2013-06-30;1326000000.0;1446142269.4787068;1488000000.0;402000000.0;22000000.0;176000000.0;6000000.0;-148000000.0;;14945000000.0;7250000.0;74120000000.0;3772000000.0;1017000000.0;-515694565.0862279;22250059.861247774;285000000.0;502000000.0;787000000.0;-30269043.182089776;156128520.3751261;880444214.1806998;1254000000.0;2607000000.0;;14550400000.0;37616234750.59139;;156750000.0;;442000000.0;;-114202978.79568744;2156880418.2830353;394250000.0;95000000.0;;577926088.237432;183000000.0;24493000000.0;1006000000.0;781000000.0;93000000.0;225000000.0;-5750000.0;-49750000.0;-140500000.0;7250000.0;-29500000.0;2485000000.0;-427000000.0;-164662377.08414623;526250000.0;539000000.0;428000000.0;45581000000.0;74120000000.0;7333000000.0;34945596347.72215;612000000.0;31582000000.0;6085000000.0;633000000.0;14885000000.0;-161500000.0;-33250000.0;-541750000.0;854750000.0;277000000.0;504000000.0;277000000.0;231000000.0;466598534.7144668;775000000.0;-7184440150.17165;1421000000.0;382000000.0;1359672314.850161;0.0;-1000000.0;0.0;-1000000.0;-26000000.0;-28000000.0;4000000.0;12000000.0;-900592785.8198605;-14365741.310866443;-69159511.3527801;;-54000000.0;16000000.0;6000000.0;-2000000.0;8000000.0;-1000000.0;-1000000.0;3000000.0;3000000.0;62000000.0;-21000000.0;9000000.0;16000000.0;-105750000.0;17000000.0;9000000.0;2467582.2903982303;10750000.0;8250000.0;401000000.0;659750000.0;93135698.87433818;0.0;37250000.0;;781000000.0;34599000000.0;21000000.0;1215092300.003504;-404818195.2328559;;-1153000000.0;3171103668.7520366;106491100.45875618;;21113151823.830006;3382000000.0;1519000000.0;13654000000.0;28539000000.0;102000000.0;
2013-09-30;1427000000.0;1416781684.181941;1420000000.0;390000000.0;-10000000.0;110000000.0;23000000.0;-97000000.0;;14636000000.0;9500000.0;74575000000.0;3591000000.0;816000000.0;442599481.71992755;22087556.547128044;337000000.0;265000000.0;602000000.0;-6803917.328133643;239614403.74860233;1071149732.2560382;1543000000.0;2715000000.0;2412000000.0;15341200000.0;39462395964.05229;2154000000.0;141500000.0;;467000000.0;;-232508014.96758056;-1551120699.3270845;404500000.0;89000000.0;0.0;507330370.8706566;158000000.0;24494000000.0;722000000.0;551000000.0;100000000.0;171000000.0;-4500000.0;-92500000.0;-145000000.0;1500000.0;-26000000.0;2474000000.0;-418000000.0;-292070583.31195664;539500000.0;391000000.0;435000000.0;46273000000.0;74575000000.0;6415000000.0;41552000000.0;619000000.0;33038000000.0;6044000000.0;633000000.0;15037000000.0;52000000.0;186500000.0;-967500000.0;942500000.0;286000000.0;265000000.0;286000000.0;-319000000.0;483000000.0;1041000000.0;-8126918178.445735;1624000000.0;492000000.0;2512000000.0;-13000000.0;-66000000.0;-2000000.0;-36000000.0;16000000.0;17000000.0;2000000.0;7000000.0;-988305356.1463556;2232895.235313819;-29634944.1828788;;33000000.0;9000000.0;51000000.0;0.0;51000000.0;-79000000.0;-38000000.0;-19000000.0;-7000000.0;-80000000.0;-25000000.0;11000000.0;11000000.0;-79500000.0;65000000.0;1113000000.0;2472032.7808292783;2500000.0;9500000.0;427000000.0;721500000.0;-4755803.675161496;0.0;37500000.0;;551000000.0;35275000000.0;14000000.0;1136468163.8269076;-467030468.2521939;;-1284000000.0;3535284852.2826295;158767422.64628267;;24195307106.77426;3756000000.0;1675000000.0;13265000000.0;28302000000.0;95000000.0;
2013-12-31;1501000000.0;1536559249.3574584;1420000000.0;378000000.0;-13000000.0;66500000.0;0.0;-79500000.0;;14499000000.0;11750000.0;75314500000.0;3626500000.0;664500000.0;361643056.2034211;21925053.233008314;293000000.0;261500000.0;554500000.0;4252791.936133087;238309132.0364894;1145171234.3534732;1593000000.0;2807500000.0;2412000000.0;;41015079815.03592;2154000000.0;126250000.0;;481500000.0;;-317341670.32662344;-1140496256.3973103;414750000.0;83000000.0;0.0;715449401.0020543;165000000.0;24528500000.0;761500000.0;576000000.0;99500000.0;185500000.0;-3250000.0;-135250000.0;-149500000.0;-4250000.0;-22500000.0;2438500000.0;-433000000.0;-315255114.8296133;552750000.0;401000000.0;426000000.0;46946500000.0;75314500000.0;6241500000.0;41552000000.0;642000000.0;33887000000.0;6003000000.0;633000000.0;15335500000.0;265500000.0;406250000.0;-1393250000.0;1030250000.0;286500000.0;289500000.0;286500000.0;-332500000.0;483000000.0;1094000000.0;-7993332072.340368;1330500000.0;469000000.0;2512000000.0;-6000000.0;-33000000.0;-1000000.0;-18000000.0;-10500000.0;-4000000.0;-1000000.0;-3500000.0;-961350272.5243961;2349519.2170479377;-93313413.51216424;;-14500000.0;-4500000.0;-21500000.0;-28000000.0;6500000.0;-39000000.0;-19000000.0;-16500000.0;-5500000.0;-62500000.0;-19500000.0;10500000.0;12000000.0;-53250000.0;34500000.0;1117000000.0;2531489.6186225945;-5750000.0;10750000.0;453000000.0;783250000.0;-5258945.467124879;;37750000.0;;576000000.0;36113500000.0;14000000.0;1100576126.3708363;-538985657.0487697;;-1397000000.0;3705564964.1514707;164744075.35534585;;24943773973.27781;3901500000.0;1752000000.0;13032500000.0;28368000000.0;102500000.0;
2014-03-31;1575000000.0;1656336814.532975;1420000000.0;366000000.0;-16000000.0;23000000.0;-23000000.0;-62000000.0;;14362000000.0;14000000.0;76054000000.0;3662000000.0;513000000.0;280686630.6869143;21762549.91888858;249000000.0;258000000.0;507000000.0;15309501.200399876;237003860.32437646;1219192736.4509082;1643000000.0;2900000000.0;2412000000.0;;41599077260.13251;2154000000.0;111000000.0;;496000000.0;;-404981961.90104747;-716214831.1489153;425000000.0;77000000.0;0.0;923568431.1334512;172000000.0;24563000000.0;801000000.0;601000000.0;99000000.0;200000000.0;-2000000.0;-178000000.0;-154000000.0;-10000000.0;-19000000.0;2403000000.0;-448000000.0;-338439646.3472698;566000000.0;411000000.0;417000000.0;47620000000.0;76054000000.0;6068000000.0;41552000000.0;665000000.0;34799000000.0;5962000000.0;633000000.0;15634000000.0;479000000.0;626000000.0;-1819000000.0;1118000000.0;287000000.0;314000000.0;287000000.0;-346000000.0;483000000.0;1147000000.0;-7851099578.783782;1037000000.0;446000000.0;2512000000.0;1000000.0;0.0;0.0;0.0;-37000000.0;-25000000.0;-4000000.0;-14000000.0;-914422693.1309723;2466143.198782014;-156991882.84144962;;-62000000.0;-18000000.0;-94000000.0;-56000000.0;-38000000.0;1000000.0;0.0;-14000000.0;-4000000.0;-45000000.0;-14000000.0;10000000.0;13000000.0;-27000000.0;4000000.0;1121000000.0;2590946.4564159103;-14000000.0;12000000.0;479000000.0;845000000.0;-5762087.259088248;0.0;38000000.0;0.0;601000000.0;36952000000.0;14000000.0;1064674807.243794;-610940845.8453473;;-1510000000.0;3875845076.020311;170720728.06440896;;25692240839.781353;4047000000.0;1829000000.0;12800000000.0;28434000000.0;110000000.0;
2014-06-30;1501000000.0;1662501280.954538;1420000000.0;353000000.0;-47000000.0;21000000.0;0.0;-68000000.0;346105799.4723345;14339000000.0;14666666.666666666;76364000000.0;3367000000.0;363000000.0;492357608.95778906;21716934.95352164;278000000.0;197000000.0;475000000.0;11438363.265696734;211545950.58800367;1179716563.1293354;1610000000.0;2924000000.0;2623000000.0;;41717275783.068886;2147000000.0;147666666.66666666;5545000000.0;502000000.0;561000000.0;-434207911.37497926;-626803741.7163131;604000000.0;82000000.0;0.0;448312311.71578145;154000000.0;24653000000.0;675000000.0;497000000.0;100000000.0;178000000.0;-66666666.666666664;-190666666.66666666;-132333333.33333333;-8666666.666666666;-12666666.666666668;2367000000.0;-440000000.0;-303775186.79371727;574666666.6666666;600000000.0;460000000.0;47709000000.0;76364000000.0;6487000000.0;41222000000.0;688000000.0;34521000000.0;5862000000.0;652000000.0;16035000000.0;322666666.6666666;906666666.6666667;-2137666666.6666667;1164000000.0;284000000.0;213000000.0;284000000.0;-338000000.0;540000000.0;1013000000.0;-7880490293.8737955;1111000000.0;582000000.0;2508000000.0;0.0;-2000000.0;0.0;1000000.0;33000000.0;23000000.0;4000000.0;13000000.0;-902399407.217053;2394044.758982497;-93752575.36960757;;56000000.0;17000000.0;-22000000.0;-16000000.0;-6000000.0;-2000000.0;1000000.0;-16000000.0;-5000000.0;-96000000.0;-27000000.0;11000000.0;13000000.0;-64333333.333333336;0.0;1122000000.0;2579578.9906195663;2000000.0;13333333.333333334;322666666.6666666;862333333.3333334;0.0;0.0;42000000.0;-333333.3333333333;497000000.0;37607000000.0;14000000.0;916094674.0823298;-428704400.99469626;;-1661000000.0;3746417236.4076176;166549822.89996833;;25952373587.20034;3937000000.0;1801000000.0;12620000000.0;28655000000.0;111000000.0;
2014-09-30;1543000000.0;1617650224.6394942;1420000000.0;347000000.0;0.0;21000000.0;-29000000.0;-50000000.0;346105799.4723344;14361000000.0;15333333.333333334;77118000000.0;3486000000.0;472000000.0;-1226926382.507509;21671319.9881547;347000000.0;478000000.0;825000000.0;48218425.80795008;162801556.18559247;1352420757.4043183;1642000000.0;2959000000.0;2307000000.0;;42405628476.18348;2023000000.0;184333333.3333333;5545000000.0;520000000.0;561000000.0;-513330564.35029507;-864987251.7383655;783000000.0;87000000.0;0.0;1001250770.9350036;135000000.0;24642000000.0;1025000000.0;779000000.0;107000000.0;246000000.0;-131333333.33333333;-203333333.33333334;-110666666.66666666;-7333333.333333334;-6333333.333333334;2337000000.0;-432000000.0;-297204527.43314064;583333333.3333334;421000000.0;461000000.0;48349000000.0;77118000000.0;6085000000.0;42264000000.0;723000000.0;35636000000.0;6041000000.0;684000000.0;16224000000.0;166333333.3333333;1187333333.3333335;-2456333333.3333335;1210000000.0;329000000.0;450000000.0;329000000.0;-307000000.0;557000000.0;1332000000.0;-7880947345.200647;1130000000.0;635000000.0;2512000000.0;1000000.0;0.0;0.0;-1000000.0;-44000000.0;-29000000.0;-5000000.0;-18000000.0;-979597003.8523835;2474588.7653894303;-34026562.757312275;;-73000000.0;-23000000.0;46000000.0;28000000.0;18000000.0;1000000.0;-1000000.0;1000000.0;1000000.0;121000000.0;37000000.0;12000000.0;30000000.0;-101666666.66666667;0.0;1198000000.0;2582719.7266448177;18000000.0;14666666.666666666;166333333.3333333;879666666.6666666;0.0;0.0;46000000.0;-666666.6666666666;779000000.0;38100000000.0;14000000.0;951887480.1781621;-456256219.843167;;-1776000000.0;4163780660.0623417;66092925.52299957;;26546434795.517685;4291000000.0;2050000000.0;12545000000.0;28769000000.0;105000000.0;
2015-03-31;1393000000.0;1653554504.0634634;1420000000.0;332000000.0;253000000.0;230000000.0;-216000000.0;-193000000.0;346105799.4723345;37839000000.0;16000000.0;86164000000.0;3289000000.0;259000000.0;243504749.52697372;22000000.0;253000000.0;-10000000.0;243000000.0;36505379.39824164;96818206.18162495;997378788.0134408;1090000000.0;2519000000.0;3435000000.0;;41868400821.95256;2197000000.0;221000000.0;5545000000.0;538000000.0;561000000.0;1087893006.034179;1096610727.1179414;962000000.0;92000000.0;26000000.0;7755048.6957576275;216000000.0;24907000000.0;643000000.0;779000000.0;76000000.0;224000000.0;-196000000.0;-216000000.0;-89000000.0;-6000000.0;0.0;3762000000.0;-512000000.0;-371361974.2501095;592000000.0;538000000.0;453000000.0;50805000000.0;86164000000.0;6784000000.0;44021000000.0;518000000.0;41824000000.0;6011000000.0;399000000.0;330000000.0;10000000.0;1468000000.0;-2775000000.0;1256000000.0;429000000.0;-10000000.0;429000000.0;-435000000.0;505000000.0;1078000000.0;-1608731704.2636466;1019000000.0;540000000.0;2361000000.0;1000000.0;-6000000.0;0.0;-1000000.0;-44000000.0;-2250000.0;-5000000.0;-18000000.0;-178572767.2215935;-764720.6999543086;-229014427.4621587;;-108000000.0;-62000000.0;-176000000.0;28000000.0;25250000.0;-6000000.0;-3000000.0;72000000.0;41000000.0;-2000000.0;-1000000.0;12000000.0;13000000.0;-139000000.0;-1000000.0;842000000.0;2673789.268012117;34000000.0;16000000.0;10000000.0;897000000.0;0.0;0.0;50000000.0;-1000000.0;419000000.0;40289000000.0;14000000.0;472768400.5210086;215357066.73851395;;-2598000000.0;3350335843.3355675;260808626.55970955;;27999441909.683163;3597000000.0;1970000000.0;35029000000.0;35359000000.0;115000000.0;
2015-06-30;1293000000.0;1635022385.5390923;1349000000.0;321000000.0;138000000.0;230000000.0;-199000000.0;-291000000.0;336150038.6640584;38791000000.0;16333333.333333334;85610000000.0;2936000000.0;163000000.0;525611442.3387828;22000000.0;235000000.0;9000000.0;244000000.0;35564985.324240714;123136139.97378573;938881455.6581333;1085000000.0;2571000000.0;3154000000.0;;41419624792.3502;2207000000.0;207000000.0;5409000000.0;570000000.0;401000000.0;1089642149.0989854;951305617.2532234;734333333.3333334;91666666.66666667;0.0;-126502298.79631162;164000000.0;24965000000.0;531000000.0;779000000.0;114000000.0;189000000.0;-131333333.33333334;-182666666.66666666;-112333333.33333333;-19333333.333333336;-4666666.666666667;3677000000.0;-472000000.0;-393925070.9906693;614333333.3333334;669000000.0;474000000.0;50105000000.0;85610000000.0;6499000000.0;43606000000.0;470000000.0;41399000000.0;6028000000.0;351000000.0;333000000.0;8000000.0;990333333.3333333;-2231333333.3333335;1187333333.3333333;333000000.0;9000000.0;333000000.0;-361000000.0;590000000.0;892000000.0;-1296138721.6798673;1032000000.0;493000000.0;2009000000.0;1000000.0;-5333333.333333333;0.0;-1000000.0;-44000000.0;24500000.0;-5000000.0;-18000000.0;-199568092.1038946;3126832.3944636798;-160505177.7009964;;17000000.0;9000000.0;-98000000.0;28000000.0;32500000.0;0.0;0.0;57000000.0;33000000.0;-58000000.0;-34000000.0;14000000.0;11000000.0;-113666666.66666667;4000000.0;823000000.0;2795634.401847535;21333333.333333336;12666666.666666666;8000000.0;868333333.3333334;0.0;0.0;47666666.666666664;-666666.6666666667;342000000.0;40586000000.0;14000000.0;565821172.3324422;307900518.31238127;;-3420000000.0;3190355918.4567523;248200349.38009852;;29723452455.19819;3463000000.0;1963000000.0;35172000000.0;35505000000.0;116000000.0;
2015-09-30;1226000000.0;1500567019.1816924;1404000000.0;306000000.0;179000000.0;229000000.0;-278000000.0;-328000000.0;330147300.5296566;40062000000.0;16666666.666666666;85677000000.0;3067000000.0;179000000.0;204721601.23977828;22000000.0;149000000.0;-3000000.0;146000000.0;43340500.341148764;147203791.36293852;1043358389.5263255;1106000000.0;2986000000.0;3003000000.0;;41369509003.21999;2014000000.0;193000000.0;5327000000.0;617000000.0;529000000.0;1073884654.3202229;644865326.6004272;506666666.6666667;91333333.33333333;0.0;-243618627.16943324;160000000.0;24952000000.0;291000000.0;882851313.7578506;114000000.0;108000000.0;-66666666.66666667;-149333333.33333334;-135666666.66666666;-32666666.666666668;-9333333.333333334;3619000000.0;-540000000.0;-460950217.6463732;636666666.6666666;563000000.0;445000000.0;49835000000.0;85677000000.0;6191000000.0;43644000000.0;441000000.0;41630000000.0;5943000000.0;322000000.0;328000000.0;6000000.0;512666666.6666666;-1687666666.6666667;1118666666.6666667;186000000.0;-3000000.0;186000000.0;-430000000.0;612000000.0;721000000.0;-886580263.842185;1077000000.0;460000000.0;2161000000.0;1072483.6346581194;-4666666.666666667;166633.24592524022;-420454.94993843324;;51250000.0;;;-226554153.16303456;3460223.539546756;-106927431.092908;;-79000000.0;-45000000.0;-37000000.0;54915230.317306265;39750000.0;-1000000.0;0.0;63000000.0;37000000.0;104000000.0;60000000.0;13000000.0;9000000.0;-88333333.33333334;2000000.0;948000000.0;2927291.188748329;8666666.666666668;9333333.333333332;6000000.0;839666666.6666666;0.0;0.0;45333333.333333336;-333333.3333333334;183000000.0;40608000000.0;13000000.0;586440571.8350415;414953839.7085097;;-4242000000.0;3482254626.4157367;329858586.0294769;;31374297764.938618;3707000000.0;2015000000.0;35514000000.0;35842000000.0;108000000.0;
2016-03-31;1017000000.0;1351513091.6285868;1203000000.0;325000000.0;184000000.0;354000000.0;-244000000.0;-414000000.0;313749576.84543717;41678000000.0;17000000.0;84229000000.0;2481000000.0;175000000.0;655152859.9701413;22000000.0;362000000.0;-1000000.0;361000000.0;58059197.17623806;143178423.58279997;743783009.4580276;731000000.0;2379000000.0;1702000000.0;;40936745245.22142;2182000000.0;179000000.0;5103000000.0;551000000.0;454000000.0;947176933.2433507;94759452.9692738;279000000.0;91000000.0;6000000.0;-76000000.0;190000000.0;23801000000.0;468000000.0;1241558936.0669336;100000000.0;154000000.0;-2000000.0;-116000000.0;-159000000.0;-46000000.0;-14000000.0;3496000000.0;-441000000.0;-431765030.9613394;659000000.0;506000000.0;364000000.0;48683000000.0;84229000000.0;4396000000.0;44287000000.0;481000000.0;42105000000.0;6035000000.0;276000000.0;366000000.0;4000000.0;35000000.0;-1144000000.0;1050000000.0;315000000.0;-1000000.0;276000000.0;-348000000.0;565000000.0;816000000.0;-394607266.01427364;895000000.0;285000000.0;2271000000.0;-759535.2726500263;-4000000.0;200470.4612062316;-2184353.292202506;;78000000.0;;;-336757058.08906305;2404563.79385017;-33148239.04242558;;78000000.0;45000000.0;47000000.0;55068371.84779185;47000000.0;-4000000.0;-3000000.0;108000000.0;64000000.0;73000000.0;43000000.0;14000000.0;13000000.0;-63000000.0;1000000.0;538000000.0;2838599.0323224547;-4000000.0;6000000.0;4000000.0;811000000.0;39000000.0;0.0;43000000.0;0.0;314000000.0;41042000000.0;13000000.0;739363078.6842237;888000000.0;;-6106000000.0;2922683275.8288913;275010265.34129703;;28552612646.682026;3195000000.0;2114000000.0;35180000000.0;35546000000.0;108000000.0;
2016-06-30;1087000000.0;1400143264.8045142;1278000000.0;318000000.0;31000000.0;348000000.0;-237000000.0;-554000000.0;304379449.0258831;41696000000.0;17250000.0;84317000000.0;2470000000.0;180000000.0;326625284.78012466;22000000.0;232000000.0;3000000.0;235000000.0;46230832.54126972;146534512.07183206;718588057.1355138;752000000.0;2204000000.0;3419000000.0;;40693294777.94932;2077000000.0;195250000.0;4975000000.0;552000000.0;313000000.0;1031838592.625529;411355464.8060477;279250000.0;93750000.0;178000000.0;-76000000.0;189000000.0;23802000000.0;588000000.0;1135300439.5983317;106000000.0;213000000.0;-2000000.0;-113250000.0;-160500000.0;-25750000.0;-13000000.0;3440000000.0;-471000000.0;-418328972.3220034;655000000.0;630000000.0;361000000.0;48844000000.0;84317000000.0;6566000000.0;42278000000.0;490000000.0;40201000000.0;6202000000.0;405000000.0;362000000.0;5250000.0;-108250000.0;-1020500000.0;1009000000.0;372000000.0;3000000.0;333000000.0;-352000000.0;603000000.0;940000000.0;-397443281.4305763;1025000000.0;338000000.0;2229000000.0;-610390.0681388649;-4500000.0;301982.1070492055;-1808762.6290503084;;61750000.0;;;-188605501.0458752;-22728244.459022887;-197394773.72623765;;7000000.0;4000000.0;-140000000.0;19441719.42049797;52250000.0;-6000000.0;-3000000.0;11000000.0;6000000.0;-142000000.0;-82000000.0;16000000.0;17000000.0;-55000000.0;-2000000.0;632000000.0;3038197.0495532323;-6250000.0;4750000.0;5250000.0;774250000.0;39000000.0;0.0;66750000.0;-250000.0;375000000.0;41199000000.0;13000000.0;689707000.8898733;888000000.0;;-6053000000.0;2862645692.1655984;224712671.82745233;;28447481480.811836;3144000000.0;2034000000.0;35111000000.0;35473000000.0;110000000.0;
2016-09-30;1192000000.0;1376369288.3011224;1282000000.0;312000000.0;42000000.0;342000000.0;-257000000.0;-557000000.0;276561882.0615821;41701000000.0;17500000.0;81604000000.0;3363000000.0;357000000.0;486000000.0;22000000.0;-191000000.0;5000000.0;-186000000.0;42084286.08811921;190889115.74416262;794834289.9514415;971000000.0;2448000000.0;2944000000.0;;38957343643.38093;2074000000.0;211500000.0;4595000000.0;549000000.0;281000000.0;1069202548.8767011;331143047.4443381;279500000.0;96500000.0;350000000.0;-76000000.0;171000000.0;22163000000.0;194000000.0;1087933513.888621;137000000.0;377000000.0;-2000000.0;-110500000.0;-162000000.0;-5500000.0;-12000000.0;3384000000.0;-472000000.0;-528445648.0602525;651000000.0;505000000.0;325000000.0;46636000000.0;81604000000.0;6044000000.0;40592000000.0;502000000.0;38518000000.0;7358000000.0;413000000.0;362000000.0;6500000.0;-251500000.0;-897000000.0;968000000.0;-188000000.0;5000000.0;-227000000.0;-688000000.0;576000000.0;882000000.0;-138741239.59886646;712000000.0;230000000.0;1961000000.0;-583202.4651370017;-5000000.0;200470.46120623176;-2106322.493367855;;45500000.0;;;-99540755.31563437;-47943528.54033848;-77064424.78676036;;-20000000.0;-11000000.0;-3000000.0;59354157.118635744;57500000.0;-6000000.0;-3000000.0;39000000.0;23000000.0;50000000.0;29000000.0;15000000.0;12000000.0;-47000000.0;1000000.0;605000000.0;3070650.599763466;-8500000.0;3500000.0;6500000.0;737500000.0;39000000.0;0.0;90500000.0;-500000.0;-183000000.0;38780000000.0;13000000.0;786590509.4820578;888000000.0;90000000.0;-6560000000.0;3086143830.379949;288618954.2540896;;28122969269.76126;3330000000.0;2006000000.0;34606000000.0;34968000000.0;106000000.0;
2016-12-31;1203000000.0;1344723062.6930845;1272500000.0;305500000.0;-1000000.0;372000000.0;-288000000.0;-575000000.0;257126187.2483666;41728500000.0;17750000.0;80698500000.0;3019000000.0;376500000.0;486000000.0;22000000.0;158500000.0;5000000.0;163500000.0;39932057.816786736;209950545.5689885;1070000000.0;1016000000.0;2447500000.0;3436000000.0;;38087007093.535416;2354500000.0;227750000.0;4329500000.0;553500000.0;247000000.0;1153012813.395001;183762685.40343595;279750000.0;99250000.0;175000000.0;-158428571.42857143;177500000.0;22158500000.0;442500000.0;1112618319.9989119;156000000.0;311500000.0;-2000000.0;-107750000.0;-163500000.0;14750000.0;-11000000.0;3323500000.0;-468500000.0;-492740018.246176;647000000.0;474500000.0;352500000.0;45712000000.0;80698500000.0;6366500000.0;39345500000.0;457500000.0;36991000000.0;7247000000.0;338500000.0;361000000.0;7750000.0;-394750000.0;-773500000.0;927000000.0;126000000.0;5000000.0;87000000.0;-487000000.0;554500000.0;929500000.0;-178853800.22899246;775500000.0;193000000.0;1719500000.0;-1061805.6352901345;-5500000.0;335819.32233019685;-2726077.1250471123;;29250000.0;;;-132484269.31354272;-21995189.141404897;-45883932.90828268;;-3500000.0;-2000000.0;32500000.0;65487443.94987287;62750000.0;-6000000.0;-4000000.0;30000000.0;17500000.0;60000000.0;34000000.0;15000000.0;15500000.0;-39000000.0;-3000000.0;621500000.0;3205887.9198957435;-10750000.0;2250000.0;7750000.0;700750000.0;39000000.0;0.0;114250000.0;-750000.0;131000000.0;38901500000.0;13000000.0;766996104.2196542;489000000.0;90000000.0;-6550000000.0;3068382563.9425282;283326082.81060565;;29255615773.536446;3377000000.0;1991500000.0;34625500000.0;34986500000.0;105000000.0;
2017-03-31;1214000000.0;1346206406.415268;1263000000.0;299000000.0;48000000.0;366000000.0;-275000000.0;-593000000.0;237690492.43515107;41756000000.0;18000000.0;79793000000.0;2675000000.0;396000000.0;486000000.0;22000000.0;508000000.0;5000000.0;513000000.0;37779829.54545432;198964793.97389817;1070000000.0;1061000000.0;2447000000.0;3928000000.0;;37216670543.68989;2635000000.0;244000000.0;4064000000.0;558000000.0;213000000.0;1234386234.9126105;187722097.12672997;280000000.0;102000000.0;0.0;-240857142.85714287;184000000.0;22154000000.0;691000000.0;1137303126.1092014;175000000.0;246000000.0;-2000000.0;-105000000.0;-165000000.0;35000000.0;-10000000.0;3263000000.0;-465000000.0;-457034388.4320996;643000000.0;444000000.0;380000000.0;44788000000.0;79793000000.0;6689000000.0;38099000000.0;413000000.0;35464000000.0;7136000000.0;264000000.0;360000000.0;9000000.0;-538000000.0;-650000000.0;886000000.0;440000000.0;5000000.0;401000000.0;-286000000.0;533000000.0;977000000.0;-218322284.37954712;839000000.0;156000000.0;1478000000.0;-1540408.805443267;-6000000.0;471168.183454162;-3345831.7567263697;;13000000.0;;;-152715884.4855672;3617078.4520652266;-14703441.02980496;;13000000.0;7000000.0;68000000.0;71620730.78110999;68000000.0;-6000000.0;-5000000.0;21000000.0;12000000.0;70000000.0;39000000.0;15000000.0;19000000.0;-31000000.0;-7000000.0;638000000.0;3105374.928799388;-13000000.0;1000000.0;9000000.0;664000000.0;39000000.0;0.0;138000000.0;-1000000.0;445000000.0;39023000000.0;13000000.0;735552909.9068508;90000000.0;90000000.0;-6540000000.0;3130447136.394809;258947779.76960304;;30388262277.311653;3424000000.0;1977000000.0;34645000000.0;35005000000.0;104000000.0;
2017-06-30;1353000000.0;1268075175.4185958;1184000000.0;294000000.0;81000000.0;352000000.0;-212000000.0;-483000000.0;205114657.43748286;42092000000.0;13500000.0;80203000000.0;2726000000.0;452000000.0;518000000.0;22000000.0;435000000.0;26000000.0;461000000.0;32000000.0;206000000.0;1070000000.0;1090000000.0;2450000000.0;3224000000.0;;36793469191.98109;2526000000.0;220250000.0;3619000000.0;577000000.0;230000000.0;1274602868.2417188;265610407.19283533;280000000.0;108250000.0;0.0;-323285714.28571427;157000000.0;22159000000.0;599000000.0;1024557380.0708916;135000000.0;216000000.0;2250000.0;-110250000.0;-172500000.0;30000000.0;-8500000.0;3208000000.0;-463000000.0;-473217631.96474785;646500000.0;573000000.0;438000000.0;43989000000.0;80203000000.0;6363000000.0;37626000000.0;389000000.0;35100000000.0;7442000000.0;335000000.0;1065000000.0;10500000.0;-455750000.0;-668750000.0;908000000.0;376000000.0;7000000.0;337000000.0;-319000000.0;556000000.0;918000000.0;-40868793.83554268;878000000.0;187000000.0;1626000000.0;-3414438.252458913;11250000.0;200470.46120623167;399752.7117322807;;-9500000.0;;;-103468739.6524024;3265175.4753681063;-5920203.880938023;;38000000.0;10000000.0;78000000.0;39159512.47557723;19500000.0;-7000000.0;-4000000.0;75000000.0;43000000.0;108000000.0;63000000.0;15000000.0;24000000.0;-750000.0;1000000.0;670000000.0;2907462.5392961195;-12125000.0;6000000.0;11000000.0;674750000.0;39000000.0;0.0;114000000.0;-1000000.0;383000000.0;39423000000.0;13000000.0;651606973.3523762;66000000.0;66000000.0;-6482000000.0;3056497858.5793247;212221184.39036012;;30970708180.430717;3368000000.0;1940000000.0;35149000000.0;36214000000.0;91000000.0;
2017-09-30;1358000000.0;2292012123.8459444;1194000000.0;290000000.0;40000000.0;345000000.0;-164000000.0;-469000000.0;191425486.32610318;42101000000.0;9000000.0;80351000000.0;2613000000.0;539000000.0;620000000.0;22000000.0;387000000.0;44000000.0;431000000.0;32000000.0;206000000.0;1007000000.0;1029000000.0;2455000000.0;3156000000.0;;36744171097.0171;2537000000.0;196500000.0;3432000000.0;562000000.0;175000000.0;1275193303.2382386;2232382302.736049;280000000.0;114500000.0;0.0;-405714285.71428573;168000000.0;22164000000.0;547000000.0;947835171.4967637;167000000.0;160000000.0;6500000.0;-115500000.0;-180000000.0;25000000.0;-7000000.0;3153000000.0;-459000000.0;-453449050.8697522;650000000.0;442000000.0;428000000.0;43827000000.0;80351000000.0;6174000000.0;37653000000.0;330000000.0;35116000000.0;7484000000.0;277000000.0;1299000000.0;12000000.0;-373500000.0;-687500000.0;930000000.0;373000000.0;14000000.0;334000000.0;-279000000.0;609000000.0;826000000.0;-33847692.31450462;941000000.0;176000000.0;1638000000.0;-8199935.384602357;28500000.0;234307.67648722307;661815.7980041443;;-32000000.0;;;73578007.23013055;3083677.9381466885;-35783210.187085666;;78000000.0;28000000.0;44000000.0;-19100068.305225804;-29000000.0;-7000000.0;-8000000.0;48000000.0;27000000.0;7000000.0;3000000.0;15000000.0;28000000.0;29500000.0;0.0;629000000.0;2000000.0;-11250000.0;11000000.0;13000000.0;685500000.0;39000000.0;0.0;90000000.0;-1000000.0;387000000.0;39867000000.0;13000000.0;523000000.0;81000000.0;81000000.0;-6429000000.0;3254000000.0;153489371.3212558;;30155000000.0;3281000000.0;1938000000.0;35225000000.0;36524000000.0;102000000.0;
2017-12-31;1289500000.0;2490267349.816348;1271500000.0;282500000.0;-27000000.0;325000000.0;-189000000.0;-568000000.0;134838698.79082784;41889000000.0;13500000.0;79681000000.0;2620500000.0;416500000.0;491500000.0;22000000.0;447000000.0;19000000.0;466000000.0;32000000.0;206000000.0;1013000000.0;1024000000.0;2462000000.0;2825000000.0;;36741551284.52092;2459000000.0;172750000.0;2659000000.0;566000000.0;134500000.0;1184086701.8582194;2526490866.549348;278500000.0;120750000.0;90000000.0;-198581175.1617391;170500000.0;22160500000.0;626500000.0;1079443762.1592052;193500000.0;162000000.0;10750000.0;-120750000.0;-187500000.0;20000000.0;-5500000.0;3098500000.0;-463000000.0;-446883246.8325472;653500000.0;425500000.0;435000000.0;43590000000.0;79681000000.0;5801500000.0;37788500000.0;367000000.0;35329500000.0;7452000000.0;292000000.0;1383500000.0;16500000.0;-291250000.0;-706250000.0;952000000.0;448500000.0;16000000.0;409500000.0;-261000000.0;614000000.0;887500000.0;-51005157.73796368;969500000.0;196500000.0;1590500000.0;-7576088.711728866;45750000.0;234307.67648722304;7895963.284070432;;-54500000.0;;;-83000000.0;-24000000.0;-80000000.0;-24000000.0;6500000.0;8000000.0;1500000.0;-56108479.99668747;-77500000.0;-6500000.0;-3000000.0;32000000.0;16000000.0;20500000.0;7000000.0;23500000.0;32000000.0;59750000.0;0.0;626500000.0;2000000.0;-10375000.0;16000000.0;15000000.0;696250000.0;39000000.0;0.0;66000000.0;-1000000.0;464500000.0;40100000000.0;13000000.0;523000000.0;75000000.0;62000000.0;-6897000000.0;3254000000.0;111000000.0;;30155000000.0;3349500000.0;1952500000.0;34446000000.0;35826500000.0;95000000.0;
2018-03-31;1221000000.0;2637647213.751998;1349000000.0;275000000.0;-13000000.0;388000000.0;-266000000.0;-667000000.0;78251911.2555525;41677000000.0;18000000.0;79011000000.0;2628000000.0;294000000.0;363000000.0;22000000.0;507000000.0;-6000000.0;501000000.0;35000000.0;238000000.0;1019000000.0;1019000000.0;2469000000.0;2494000000.0;;36737826736.147484;2381000000.0;149000000.0;1886000000.0;570000000.0;94000000.0;1092889542.8527427;2772701750.6535025;277000000.0;127000000.0;180000000.0;-49472060.35936034;173000000.0;22157000000.0;706000000.0;1211052352.821646;220000000.0;164000000.0;15000000.0;-126000000.0;-195000000.0;15000000.0;-4000000.0;3044000000.0;-467000000.0;-440317442.795342;657000000.0;409000000.0;442000000.0;43353000000.0;79011000000.0;5429000000.0;37924000000.0;404000000.0;35543000000.0;7420000000.0;307000000.0;1468000000.0;21000000.0;-209000000.0;-725000000.0;974000000.0;524000000.0;18000000.0;485000000.0;-243000000.0;619000000.0;949000000.0;-68138289.86938;998000000.0;217000000.0;1543000000.0;-6952242.038855375;63000000.0;234307.67648722304;15130110.770136686;;-77000000.0;;;-83000000.0;-24000000.0;-80000000.0;-24000000.0;-65000000.0;-12000000.0;-41000000.0;-93116891.68814918;-126000000.0;-6000000.0;2000000.0;16000000.0;5000000.0;34000000.0;11000000.0;32000000.0;36000000.0;90000000.0;0.0;624000000.0;2000000.0;-9500000.0;21000000.0;17000000.0;707000000.0;39000000.0;0.0;42000000.0;-1000000.0;542000000.0;40333000000.0;13000000.0;523000000.0;69000000.0;69000000.0;-7365000000.0;3254000000.0;111000000.0;;30155000000.0;3418000000.0;1967000000.0;33667000000.0;35129000000.0;88000000.0;
2018-06-30;1269000000.0;2240253901.5303917;1357000000.0;279000000.0;-10000000.0;382000000.0;-298000000.0;-690000000.0;83156587.53610024;41696000000.0;19000000.0;78315000000.0;2634000000.0;271000000.0;347000000.0;22000000.0;-164000000.0;-5000000.0;-169000000.0;35250000.0;240000000.0;1068000000.0;1019000000.0;3156000000.0;2132000000.0;;36705535506.36184;2495000000.0;104000000.0;1953000000.0;571000000.0;93000000.0;1023271425.0590231;1846229579.804613;442000000.0;126250000.0;270000000.0;-653000000.0;164000000.0;22153000000.0;-176000000.0;939990938.0002894;58000000.0;-46000000.0;97500000.0;-142750000.0;-205250000.0;24250000.0;-35000000.0;2989000000.0;-516000000.0;-480933515.333607;665250000.0;584000000.0;420000000.0;43240000000.0;78315000000.0;5379000000.0;37861000000.0;411000000.0;35366000000.0;7293000000.0;306000000.0;1459000000.0;23000000.0;-883750000.0;-747250000.0;889250000.0;-141000000.0;11000000.0;-180000000.0;-448000000.0;617000000.0;272000000.0;-112285361.91538143;1088000000.0;254000000.0;1388000000.0;-9394798.633994712;63000000.0;166633.2459252404;11837889.594198644;;-77000000.0;;;-83000000.0;-24000000.0;-80000000.0;-24000000.0;-48000000.0;-9000000.0;-39000000.0;-114275260.91247165;-126000000.0;-6000000.0;-2000000.0;-83000000.0;-24000000.0;-80000000.0;-24000000.0;24000000.0;34000000.0;80000000.0;2000000.0;624000000.0;2000000.0;-4779536.7443102;16250000.0;16250000.0;668750000.0;39000000.0;0.0;51750000.0;-1500000.0;-130000000.0;39905000000.0;13000000.0;581000000.0;76000000.0;76000000.0;-7993000000.0;3317000000.0;111000000.0;;30606000000.0;3428000000.0;1967000000.0;33035000000.0;34494000000.0;85000000.0;
2018-09-30;1307000000.0;1812202610.8843975;1384000000.0;270000000.0;-86000000.0;356000000.0;-53000000.0;-495000000.0;73000000.0;41704000000.0;8000000.0;79063000000.0;5766000000.0;3459000000.0;3560000000.0;22000000.0;927000000.0;339000000.0;1266000000.0;35500000.0;292000000.0;1135000000.0;1019000000.0;2002000000.0;2337000000.0;;36731473965.48703;2407000000.0;59000000.0;1874000000.0;569000000.0;51000000.0;1062867416.1738777;955280771.1045427;444000000.0;125500000.0;0.0;588000000.0;154000000.0;21965000000.0;1201000000.0;1668839999.8929787;160000000.0;196000000.0;180000000.0;-159500000.0;-215500000.0;33500000.0;-66000000.0;2935000000.0;-473000000.0;-453250980.95170707;673500000.0;399000000.0;383000000.0;43164000000.0;79063000000.0;5489000000.0;37675000000.0;200000000.0;35268000000.0;7432000000.0;89000000.0;1779000000.0;25000000.0;-1558500000.0;-769500000.0;804500000.0;732000000.0;273000000.0;693000000.0;-314000000.0;646000000.0;1515000000.0;218000000.0;1357000000.0;227000000.0;1296000000.0;-20245951.986023344;63000000.0;234307.67648722293;1190987.794973;;-77000000.0;;;-11000000.0;4000000.0;-87000000.0;-26000000.0;300000000.0;49000000.0;261000000.0;-115574459.022737;-126000000.0;-37000000.0;-21000000.0;-11000000.0;-4000000.0;-87000000.0;-26000000.0;21000000.0;20000000.0;70000000.0;0.0;624000000.0;4000000.0;1556916.7820338532;11500000.0;15500000.0;630500000.0;39000000.0;0.0;61500000.0;-2000000.0;1005000000.0;37795000000.0;13000000.0;633000000.0;101000000.0;101000000.0;-7744000000.0;3353000000.0;164000000.0;;30792000000.0;3517000000.0;1967000000.0;33487000000.0;35266000000.0;86000000.0;289000000.0
2018-12-31;1159500000.0;1609383701.3381295;1347000000.0;270000000.0;-86000000.0;356000000.0;-53000000.0;-501500000.0;73000000.0;41710000000.0;12500000.0;77677500000.0;4014000000.0;1840000000.0;1915000000.0;22500000.0;652500000.0;172000000.0;824500000.0;35750000.0;294000000.0;1041500000.0;;2206500000.0;2419500000.0;;35002000000.0;2600500000.0;14000000.0;1760500000.0;581000000.0;54000000.0;1135142296.7258065;742689469.7010136;449500000.0;124750000.0;0.0;294000000.0;154000000.0;21965000000.0;970000000.0;1484683240.8410835;176000000.0;184000000.0;262500000.0;-176250000.0;-225750000.0;42750000.0;-97000000.0;2880500000.0;-466500000.0;-452000000.0;681750000.0;367500000.0;406000000.0;42147500000.0;77677500000.0;5249000000.0;36898500000.0;211000000.0;34298000000.0;7601000000.0;117250000.0;1311500000.0;19500000.0;-2233250000.0;-791750000.0;719750000.0;644000000.0;142000000.0;624500000.0;-296500000.0;622000000.0;1266500000.0;218000000.0;1113500000.0;211500000.0;1668000000.0;-3374522.8574958937;-17197452.29631433;234307.67648722293;-8816830.195020862;;-83174528.0661063;;;-12000000.0;4000000.0;-151000000.0;-45000000.0;155000000.0;27000000.0;38500000.0;-60824013.74658158;-82841105.22949183;-22500000.0;-11500000.0;-12000000.0;-4000000.0;-151000000.0;-45000000.0;21000000.0;15000000.0;60000000.0;0.0;801170579.4801905;3500000.0;4417084.801661484;6750000.0;14750000.0;592250000.0;19500000.0;0.0;71250000.0;-2500000.0;786000000.0;37788500000.0;13000000.0;669000000.0;75000000.0;51000000.0;-7681500000.0;3262500000.0;210500000.0;20000000.0;31968000000.0;3473000000.0;2161510434.3853526;33549500000.0;34860500000.0;102000000.0;289000000.0
2019-03-31;1012000000.0;1406564791.791862;1310000000.0;270000000.0;-86000000.0;356000000.0;-53000000.0;-508000000.0;73000000.0;41716000000.0;17000000.0;76292000000.0;2262000000.0;221000000.0;270000000.0;23000000.0;378000000.0;5000000.0;383000000.0;36000000.0;296000000.0;948000000.0;;2411000000.0;2502000000.0;;35002000000.0;2794000000.0;-31000000.0;1647000000.0;593000000.0;57000000.0;1207417177.2777336;530098168.29746747;455000000.0;124000000.0;0.0;0.0;154000000.0;21965000000.0;739000000.0;1291975056.340106;192000000.0;172000000.0;345000000.0;-193000000.0;-236000000.0;52000000.0;-128000000.0;2826000000.0;-460000000.0;-452000000.0;690000000.0;336000000.0;429000000.0;41131000000.0;76292000000.0;5009000000.0;36122000000.0;222000000.0;33328000000.0;7770000000.0;145500000.0;844000000.0;14000000.0;-2908000000.0;-814000000.0;635000000.0;556000000.0;11000000.0;556000000.0;-279000000.0;598000000.0;1018000000.0;218000000.0;870000000.0;196000000.0;2040000000.0;451576.40458232316;-16223548.165769547;234307.67648722293;-3370964.0570779294;;-87653457.99362947;;;-13000000.0;4000000.0;-215000000.0;-64000000.0;10000000.0;5000000.0;-184000000.0;-87802611.28445917;-109159214.38390276;-8000000.0;-2000000.0;-13000000.0;-4000000.0;-215000000.0;-64000000.0;21000000.0;10000000.0;50000000.0;0.0;965834554.2884127;3000000.0;-6000000.0;2000000.0;14000000.0;554000000.0;0.0;0.0;81000000.0;-3000000.0;567000000.0;37782000000.0;13000000.0;705000000.0;49000000.0;49000000.0;-7619000000.0;3172000000.0;257000000.0;20000000.0;33144000000.0;3429000000.0;2357591164.729145;33612000000.0;34455000000.0;118000000.0;289000000.0
2019-06-30;900000000.0;1302652201.5005155;1227000000.0;264000000.0;-124911564.04558057;347399495.08442664;-258156264.73885393;-448000000.0;29000000.0;41734000000.0;18000000.0;76695000000.0;2300000000.0;213000000.0;249000000.0;23000000.0;578000000.0;15000000.0;593000000.0;55000000.0;303000000.0;777000000.0;;2241000000.0;3054000000.0;31948000000.0;35002000000.0;2772000000.0;-40500000.0;1487000000.0;579000000.0;110000000.0;1222743532.2313626;503536949.9988835;569000000.0;131000000.0;64285714.28575178;10000000.0;148000000.0;21964000000.0;676000000.0;1199722706.3216195;161000000.0;148000000.0;292250000.0;-200250000.0;-227500000.0;24250000.0;-108500000.0;2782000000.0;-452000000.0;-452000000.0;682750000.0;531000000.0;450000000.0;41436000000.0;76695000000.0;5659000000.0;35777000000.0;215000000.0;33005000000.0;8124000000.0;173750000.0;846000000.0;14000000.0;-2302750000.0;-526750000.0;699500000.0;518000000.0;10000000.0;518000000.0;-297000000.0;646000000.0;973000000.0;216000000.0;876000000.0;264000000.0;2198000000.0;-315020.5159064111;-18080963.47310497;166633.2459252404;-4858741.037261653;;-74279551.69313078;;;18000000.0;-6000000.0;63000000.0;19000000.0;13000000.0;2000000.0;65000000.0;-87802611.28445917;-111330101.03391425;-7000000.0;-3000000.0;-13000000.0;-4000000.0;-215000000.0;-64000000.0;19000000.0;13000000.0;31500000.0;2000000.0;885801344.7874987;3000000.0;1000000.0;3250000.0;11250000.0;525500000.0;0.0;;71000000.0;-2500000.0;528000000.0;37840000000.0;13000000.0;775000000.0;36000000.0;36000000.0;-7671000000.0;2971000000.0;243000000.0;20000000.0;32307000000.0;3214000000.0;1899506938.6367679;33638000000.0;34485000000.0;103000000.0;298000000.0
2019-09-30;916000000.0;1073000000.0000002;1273000000.0;258000000.0;-82570475.87189928;331241981.5166906;-250207750.86066723;-384000000.0;34428571.428571425;41727000000.0;-7000000.0;76931000000.0;2365000000.0;241000000.0;268000000.0;23000000.0;570000000.0;8000000.0;578000000.0;73000000.0;297000000.0;762000000.0;;2263000000.0;4406000000.0;30949000000.0;35355000000.0;2719000000.0;-50000000.0;1324000000.0;578000000.0;144000000.0;1264000000.0;78000000.0;569000000.0;138000000.0;-57857142.85717728;3000000.0;154000000.0;21964000000.0;668000000.0;1138552455.0558834;173000000.0;151000000.0;239500000.0;-207500000.0;-219000000.0;-3500000.0;-89000000.0;2729000000.0;-447000000.0;-447000000.0;675500000.0;360000000.0;405000000.0;41656000000.0;76931000000.0;5642000000.0;34830000000.0;188000000.0;32111000000.0;8387000000.0;202000000.0;841000000.0;14000000.0;-1697500000.0;-239500000.0;764000000.0;506000000.0;11000000.0;506000000.0;-283000000.0;668000000.0;951000000.0;226000000.0;760000000.0;275000000.0;2228000000.0;-140924.929225515;-20125590.105609894;268144.89176821435;-4950264.818710764;;-62018779.52432525;;;-40000000.0;13000000.0;20000000.0;6000000.0;-7000000.0;-2000000.0;61000000.0;-87802611.28445917;-113480892.6092454;-8000000.0;-3000000.0;-13000000.0;-4000000.0;-215000000.0;-64000000.0;21000000.0;12000000.0;13000000.0;-1000000.0;855839094.004904;3000000.0;8000000.0;4500000.0;8500000.0;497000000.0;0.0;;61000000.0;-2000000.0;517000000.0;37934000000.0;13000000.0;801000000.0;27000000.0;27000000.0;-7733000000.0;2953000000.0;261000000.0;14000000.0;31833000000.0;3214000000.0;1230006744.434587;33633000000.0;34474000000.0;103000000.0;384000000.0
2019-12-31;834000000.0;1073000000.0;1379000000.0;257000000.0;240078785.8508215;322794602.9703257;-308942053.69203997;-223000000.0;39857142.85714286;41720000000.0;5500000.0;75230500000.0;2730500000.0;300500000.0;605000000.0;23000000.0;267500000.0;11500000.0;279000000.0;52500000.0;277000000.0;712500000.0;;2663000000.0;3973000000.0;30452000000.0;33360000000.0;2489500000.0;-59500000.0;1324000000.0;571500000.0;296000000.0;1264000000.0;78000000.0;569000000.0;145000000.0;-51428571.42860312;-484000000.0;153500000.0;21407500000.0;218500000.0;963490395.1099577;182500000.0;105500000.0;186750000.0;-214750000.0;-210500000.0;-31250000.0;-69500000.0;2672500000.0;-441500000.0;-441500000.0;668250000.0;348500000.0;356000000.0;40464500000.0;75230500000.0;5625000000.0;34247500000.0;215500000.0;31758000000.0;8136500000.0;633000000.0;599500000.0;8500000.0;-1092250000.0;47750000.0;828500000.0;100000000.0;13000000.0;100000000.0;-278500000.0;644000000.0;497000000.0;260000000.0;722000000.0;244000000.0;2211500000.0;45322.70951710979;-29211956.472868934;234307.67648722287;-6774841.3846517615;;-80201262.55944642;;;-38500000.0;12000000.0;121000000.0;-30500000.0;-3000000.0;-1000000.0;166000000.0;;-111234431.70411216;-9500000.0;-3000000.0;;51423206.2225611;-11817731.589957714;-962273.6242523193;20714285.714285713;7000000.0;-5500000.0;0.0;971107447.9851407;3000000.0;15000000.0;5750000.0;5750000.0;468500000.0;0.0;;51000000.0;-1500000.0;113000000.0;36987500000.0;12500000.0;797000000.0;304500000.0;24000000.0;-8150500000.0;2819500000.0;340500000.0;18000000.0;30415500000.0;3160000000.0;616566476.0432746;33369500000.0;33969000000.0;97500000.0;339500000.0
2020-03-31;752000000.0;1073000000.0;1186000000.0;256000000.0;562728047.5735555;310306802.2134826;-367676356.5234122;-62000000.0;45285714.28571428;41713000000.0;18000000.0;73530000000.0;3096000000.0;360000000.0;942000000.0;23000000.0;-35000000.0;15000000.0;-20000000.0;32000000.0;257000000.0;663000000.0;;3063000000.0;3540000000.0;29955000000.0;33495000000.0;2260000000.0;-69000000.0;1324000000.0;565000000.0;448000000.0;1264000000.0;78000000.0;569000000.0;152000000.0;-45000000.000028916;-971000000.0;153000000.0;20851000000.0;-231000000.0;788428335.1640325;192000000.0;60000000.0;134000000.0;-222000000.0;-202000000.0;-59000000.0;-50000000.0;2616000000.0;-436000000.0;-436000000.0;661000000.0;337000000.0;307000000.0;39273000000.0;73530000000.0;5608000000.0;33665000000.0;243000000.0;31405000000.0;7886000000.0;633000000.0;358000000.0;3000000.0;-487000000.0;335000000.0;893000000.0;-306000000.0;15000000.0;-306000000.0;-274000000.0;620000000.0;43000000.0;294000000.0;684000000.0;213000000.0;2195000000.0;231570.34825973486;-38298322.840127975;200470.46120623162;-8599417.950592762;;-98383745.59456758;;;-37000000.0;11000000.0;222000000.0;-67000000.0;1000000.0;0.0;271000000.0;;-126815930.37998685;-11000000.0;-3000000.0;;110940324.0256888;182709140.53079987;59365623.8949275;20428571.42857143;2000000.0;-24000000.0;1000000.0;907784632.5893445;3000000.0;22000000.0;7000000.0;3000000.0;440000000.0;0.0;;41000000.0;-1000000.0;-291000000.0;36041000000.0;12000000.0;793000000.0;582000000.0;582000000.0;-8568000000.0;2686000000.0;420000000.0;22000000.0;28998000000.0;3106000000.0;3126207.6519872546;33106000000.0;33464000000.0;92000000.0;295000000.0
2020-06-30;698000000.0;1073000000.0;1186000000.0;259000000.0;499688026.3701191;346481665.55215335;-521728566.07443476;-199000000.0;50714285.71428572;41731000000.0;18000000.0;71784000000.0;2490000000.0;526000000.0;546000000.0;23000000.0;-774000000.0;13000000.0;-761000000.0;34000000.0;241000000.0;441000000.0;;2842000000.0;3006000000.0;29976000000.0;32982000000.0;2249000000.0;35000000.0;;532000000.0;295000000.0;1102000000.0;79000000.0;597000000.0;160000000.0;-64285714.28575516;-1005000000.0;155000000.0;19851000000.0;-520000000.0;740750246.1977186;176000000.0;104000000.0;100750000.0;-136000000.0;-202500000.0;-32500000.0;-38500000.0;2567000000.0;-436000000.0;-395000000.0;643000000.0;501000000.0;336000000.0;38892000000.0;71784000000.0;5202000000.0;33690000000.0;221000000.0;31441000000.0;7892000000.0;633000000.0;371000000.0;4000000.0;-812500000.0;283750000.0;1138000000.0;-637000000.0;13000000.0;-637000000.0;-238000000.0;606000000.0;-282000000.0;299000000.0;662000000.0;240000000.0;2167000000.0;51846.3120866298;-126599506.661492;234307.67648722298;-28052210.517802607;;-69343043.55433713;;;-47000000.0;14000000.0;-189000000.0;-57000000.0;0.0;0.0;-137000000.0;;-22663973.609012514;-5000000.0;-2000000.0;;99311720.4198922;182076434.3555789;59164656.32568157;20142857.14285714;16000000.0;-15750000.0;0.0;-450769100.1824167;3000000.0;19500000.0;7750000.0;2750000.0;396750000.0;108458142.52192092;;35250000.0;-1250000.0;-624000000.0;36027000000.0;12000000.0;768000000.0;20000000.0;20000000.0;-9802000000.0;2154000000.0;406000000.0;43000000.0;29157000000.0;2560000000.0;-1379243681.1064727;31753000000.0;32124000000.0;103000000.0;335000000.0
2020-09-30;774000000.0;1142000000.0;1186000000.0;253000000.0;425989827.18636894;324643004.3258324;-518624855.7409346;-255000000.0;;41736000000.0;5000000.0;71821000000.0;2672000000.0;632000000.0;699000000.0;23000000.0;399000000.0;17000000.0;416000000.0;44000000.0;237000000.0;655000000.0;;2100000000.0;2057000000.0;31281000000.0;33338000000.0;2093000000.0;139000000.0;;539000000.0;257000000.0;1025000000.0;68000000.0;598000000.0;168000000.0;19285714.28573089;-11000000.0;153000000.0;19851000000.0;612000000.0;1574620075.0867934;194000000.0;140000000.0;67500000.0;-50000000.0;-203000000.0;-6000000.0;-27000000.0;2510000000.0;-436000000.0;-383000000.0;625000000.0;351000000.0;317000000.0;39129000000.0;71821000000.0;4376000000.0;34753000000.0;280000000.0;32660000000.0;8014000000.0;315000000.0;386000000.0;4000000.0;-1138000000.0;232500000.0;1383000000.0;455000000.0;17000000.0;455000000.0;-207000000.0;643000000.0;819000000.0;317000000.0;544000000.0;257000000.0;2145000000.0;2462703.8698336473;-103253054.57694845;200470.46120623162;-19837477.842801042;;-60655253.80087252;;;5000000.0;1000000.0;-56000000.0;-17000000.0;0.0;0.0;-56000000.0;;-25277387.036529936;-5000000.0;2000000.0;;85717068.50816101;253822422.84463644;81043181.70269096;19857142.85714286;14000000.0;-7500000.0;1000000.0;-603422748.0742946;3000000.0;17000000.0;8500000.0;2500000.0;353500000.0;122504448.8622874;;29500000.0;-1500000.0;472000000.0;35958000000.0;12000000.0;747000000.0;67000000.0;20000000.0;-9945000000.0;2515000000.0;404000000.0;47000000.0;28396000000.0;2919000000.0;-2765559709.231723;31559000000.0;31945000000.0;100000000.0;335000000.0
2020-12-31;871000000.0;1283500000.0;;254500000.0;-145278979.12318563;345148137.2475396;-516073407.17496943;-371000000.0;;41755500000.0;12000000.0;71514500000.0;3203000000.0;1004500000.0;1061000000.0;23000000.0;864000000.0;16500000.0;880500000.0;37500000.0;240000000.0;1332000000.0;;2712500000.0;2115000000.0;30644000000.0;33396000000.0;2157000000.0;243000000.0;;540000000.0;237500000.0;828000000.0;128500000.0;597500000.0;176000000.0;-35357142.85716245;-3500000.0;154500000.0;19851000000.0;1194000000.0;1999892528.4194603;130000000.0;245500000.0;34250000.0;36000000.0;-203500000.0;20500000.0;-15500000.0;2453000000.0;-1496606476.3397627;-380000000.0;607000000.0;327500000.0;353000000.0;38514500000.0;71514500000.0;4497000000.0;34017500000.0;205000000.0;31860500000.0;7853500000.0;236000000.0;401000000.0;3500000.0;-1463500000.0;181250000.0;1628000000.0;932000000.0;16500000.0;932000000.0;-158500000.0;578500000.0;1352500000.0;316500000.0;677500000.0;268000000.0;1930500000.0;1443807.8308858543;-130555392.54142801;200470.46120623167;-27255651.92942335;;-63791322.487860225;;;-27000000.0;9500000.0;-106000000.0;-32000000.0;0.0;0.0;-68000000.0;;-23578668.30864361;-11000000.0;-1000000.0;;-19661362.11597524;-96836802.31521368;-29585731.189932942;;118500000.0;750000.0;1000000.0;-414908947.8123727;5000000.0;14500000.0;9250000.0;2250000.0;310250000.0;59726968.281517506;;23750000.0;-1750000.0;948500000.0;35781500000.0;12000000.0;726000000.0;56500000.0;20000000.0;-9534500000.0;4005000000.0;60000000.0;49000000.0;28219500000.0;4065000000.0;-3824784042.2981443;31873000000.0;32274000000.0;105000000.0;270000000.0
2021-03-31;968000000.0;1425000000.0;;256000000.0;-716547785.4327409;365653270.1692558;-513521958.60900474;-487000000.0;67000000.0;41775000000.0;19000000.0;71208000000.0;3734000000.0;1377000000.0;1423000000.0;23000000.0;1329000000.0;16000000.0;1345000000.0;31000000.0;243000000.0;2009000000.0;;3325000000.0;2173000000.0;30007000000.0;32180000000.0;2221000000.0;347000000.0;;541000000.0;218000000.0;631000000.0;189000000.0;597000000.0;184000000.0;-90000000.00005583;4000000.0;156000000.0;19851000000.0;1776000000.0;2425553712.282255;66000000.0;351000000.0;1000000.0;122000000.0;-204000000.0;47000000.0;-4000000.0;2396000000.0;-2557212952.6795254;-377000000.0;589000000.0;304000000.0;389000000.0;37900000000.0;71208000000.0;4618000000.0;33282000000.0;130000000.0;31061000000.0;7693000000.0;157000000.0;416000000.0;3000000.0;-1789000000.0;130000000.0;1873000000.0;1409000000.0;16000000.0;1409000000.0;-110000000.0;514000000.0;1886000000.0;316000000.0;811000000.0;279000000.0;1716000000.0;424911.7919380618;-157857730.5059076;200470.4612062317;-34673826.01604569;;-66927391.17484793;;;-59000000.0;18000000.0;-156000000.0;-47000000.0;0.0;0.0;-80000000.0;;-21879949.580757286;-17000000.0;-4000000.0;;-125039792.74011162;-447496027.4750638;-140214644.0825565;;223000000.0;9000000.0;1000000.0;-226395147.5504508;7000000.0;12000000.0;10000000.0;2000000.0;267000000.0;-3050512.2992525697;;18000000.0;-2000000.0;1425000000.0;35605000000.0;12000000.0;705000000.0;46000000.0;;-9124000000.0;5495000000.0;-284000000.0;51000000.0;28043000000.0;5211000000.0;-4883981473.026212;32187000000.0;32603000000.0;110000000.0;205000000.0
2021-06-30;949000000.0;1416000000.0;;248000000.0;232229697.40131474;399994752.0503696;-539974824.7305644;-609000000.0;169000000.0;41793000000.0;18000000.0;70175000000.0;4283000000.0;1365000000.0;1969000000.0;23000000.0;-879000000.0;17000000.0;-862000000.0;48000000.0;232000000.0;936000000.0;;3914000000.0;2183000000.0;30008000000.0;32191000000.0;2216000000.0;307750000.0;;528000000.0;221000000.0;656000000.0;368000000.0;615000000.0;179250000.0;83571428.57143873;-1602000000.0;160000000.0;19851000000.0;-977000000.0;852837678.7930498;157000000.0;-237000000.0;1000000.0;104250000.0;-200000000.0;43750000.0;500000.0;1585000000.0;712832586.8822536;-377000000.0;582000000.0;479000000.0;396000000.0;38352000000.0;70175000000.0;5059000000.0;33293000000.0;185000000.0;31077000000.0;7650000000.0;232000000.0;429000000.0;5000000.0;-1719750000.0;4750000.0;1675750000.0;-757000000.0;17000000.0;-757000000.0;-213000000.0;582000000.0;-764000000.0;321000000.0;999000000.0;281000000.0;1744000000.0;630730.2383892463;-149874724.94653213;166633.24592524036;-32500918.130301572;;7717489.485174477;;;-30000000.0;-9000000.0;-157000000.0;-47000000.0;0.0;0.0;-122000000.0;;-26322752.4075369;-5000000.0;-1000000.0;;49975333.32366723;193751983.43068266;61041051.690808535;;20000000.0;8250000.0;2000000.0;-683693979.6777369;3000000.0;9750000.0;8500000.0;8000000.0;302000000.0;195159953.20637107;;26000000.0;-1500000.0;-740000000.0;34570000000.0;12000000.0;683000000.0;604000000.0;;-10496000000.0;2906000000.0;244000000.0;8000000.0;27595000000.0;3150000000.0;-3973909320.947077;30711000000.0;31140000000.0;108000000.0;217000000.0
2021-09-30;1189000000.0;1433000000.0;;242000000.0;79176142.84827232;400012801.4399046;-658472271.585772;-642000000.0;177000000.0;41788000000.0;-5000000.0;69640000000.0;2686000000.0;102000000.0;279000000.0;23000000.0;462000000.0;16000000.0;478000000.0;62000000.0;217000000.0;1559000000.0;;2980000000.0;2822000000.0;28988000000.0;31810000000.0;2160000000.0;268500000.0;;526000000.0;199000000.0;575000000.0;443000000.0;616000000.0;174500000.0;-154285714.28580967;-4000000.0;174000000.0;20033000000.0;645000000.0;1729893672.0012994;169000000.0;134000000.0;1000000.0;86500000.0;-196000000.0;40500000.0;5000000.0;1744000000.0;279722867.04941845;-368000000.0;575000000.0;332000000.0;457000000.0;37987000000.0;69640000000.0;5825000000.0;32162000000.0;192000000.0;30002000000.0;7620000000.0;246000000.0;440000000.0;6000000.0;-1650500000.0;-120500000.0;1478500000.0;495000000.0;16000000.0;495000000.0;-199000000.0;614000000.0;844000000.0;316000000.0;952000000.0;318000000.0;1678000000.0;144237.45373619598;-152166624.16447902;132796.03064424908;-33703654.827213526;;-41836221.56233133;;;-92000000.0;28000000.0;-131000000.0;-41000000.0;0.0;0.0;-33000000.0;;-29981531.206061292;-6000000.0;-2000000.0;;21742488.816653088;192157701.15742064;60310148.43327367;;21000000.0;7500000.0;3000000.0;-223690875.47060943;4000000.0;7500000.0;7000000.0;14000000.0;337000000.0;206990646.62644607;;34000000.0;-1000000.0;511000000.0;35576000000.0;12000000.0;661000000.0;177000000.0;;-10617000000.0;3615000000.0;209000000.0;27000000.0;27392000000.0;3824000000.0;-3147880110.6597137;30552000000.0;30992000000.0;106000000.0;284000000.0
2021-12-31;1196500000.0;1547000000.0;;241000000.0;71627476.68484879;399826660.305458;-655656926.0854673;-658000000.0;277000000.0;41800500000.0;6500000.0;69387500000.0;2859500000.0;93000000.0;313500000.0;23000000.0;433000000.0;16500000.0;449500000.0;50500000.0;219500000.0;1726500000.0;;3124500000.0;3073000000.0;28581500000.0;32418000000.0;2189500000.0;229250000.0;;532000000.0;173000000.0;430000000.0;674500000.0;616000000.0;169750000.0;-196071428.57154968;3000000.0;165000000.0;19973500000.0;761500000.0;1777835199.8254495;178000000.0;164000000.0;1000000.0;68750000.0;-192000000.0;37250000.0;9500000.0;1681000000.0;379966163.2053752;-350500000.0;568000000.0;317000000.0;524000000.0;37707500000.0;69387500000.0;6137500000.0;31570000000.0;178000000.0;29380500000.0;7582500000.0;246000000.0;764500000.0;16000000.0;-1581250000.0;-245750000.0;1281250000.0;581000000.0;16500000.0;581000000.0;-172500000.0;599500000.0;934000000.0;315000000.0;913000000.0;302000000.0;1569000000.0;-9146.920503776753;-145340496.6472481;98958.81536325777;-32514331.195363082;;-39610345.44579036;;;-113500000.0;34500000.0;-271000000.0;-83000000.0;0.0;0.0;-148000000.0;;-26976105.76441626;-9500000.0;-3000000.0;;20350032.96255898;195862676.30231333;61389429.58238816;;20000000.0;6750000.0;4000000.0;61221970.03946447;4000000.0;5250000.0;5500000.0;20000000.0;372000000.0;191843970.49172276;;42000000.0;-500000.0;597500000.0;35566500000.0;12000000.0;661000000.0;220500000.0;;-10580500000.0;3852000000.0;206500000.0;29000000.0;27294500000.0;4058500000.0;-2152252887.4949417;30585000000.0;31349500000.0;108500000.0;247500000.0
2022-03-31;1204000000.0;1661000000.0;;240000000.0;64078810.52142477;399640519.1710123;-652841580.5851624;-674000000.0;377000000.0;41813000000.0;18000000.0;69135000000.0;3033000000.0;84000000.0;348000000.0;23000000.0;404000000.0;17000000.0;421000000.0;39000000.0;222000000.0;1894000000.0;;3269000000.0;3324000000.0;28175000000.0;31499000000.0;2219000000.0;190000000.0;;538000000.0;147000000.0;285000000.0;906000000.0;616000000.0;165000000.0;-237857142.8572898;10000000.0;156000000.0;19914000000.0;878000000.0;1825776727.6496024;187000000.0;194000000.0;1000000.0;51000000.0;-188000000.0;34000000.0;14000000.0;1618000000.0;480209459.3613281;-333000000.0;561000000.0;302000000.0;591000000.0;37428000000.0;69135000000.0;6450000000.0;30978000000.0;164000000.0;28759000000.0;7545000000.0;246000000.0;1089000000.0;26000000.0;-1512000000.0;-371000000.0;1084000000.0;667000000.0;17000000.0;667000000.0;-146000000.0;585000000.0;1024000000.0;314000000.0;874000000.0;286000000.0;1460000000.0;-162531.2947437492;-138514369.1300171;65121.600082266435;-31325007.56351262;;-37384469.3292494;;;-135000000.0;41000000.0;-411000000.0;-125000000.0;0.0;0.0;-263000000.0;;-23970680.32277122;-13000000.0;-4000000.0;;18957577.108464785;199567651.44720602;62468710.73150289;;19000000.0;6000000.0;5000000.0;346134815.5495384;4000000.0;3000000.0;4000000.0;26000000.0;407000000.0;176697294.35699987;;50000000.0;0.0;684000000.0;35557000000.0;12000000.0;661000000.0;264000000.0;;-10544000000.0;4089000000.0;204000000.0;31000000.0;27197000000.0;4293000000.0;-1156625664.3301399;30618000000.0;31707000000.0;111000000.0;211000000.0
2022-06-30;1691000000.0;2063000000.0;;235000000.0;1032689668.685462;381632737.9790265;-633852733.4701185;-592000000.0;358000000.0;41654000000.0;13000000.0;69390000000.0;3608000000.0;100000000.0;417000000.0;23000000.0;717000000.0;18000000.0;735000000.0;42000000.0;215000000.0;2683000000.0;;4145000000.0;2970000000.0;28140000000.0;31110000000.0;2125000000.0;190000000.0;;543000000.0;141000000.0;215000000.0;915000000.0;631000000.0;170750000.0;334285714.28570527;11000000.0;152000000.0;19914000000.0;837000000.0;1954354323.5393634;182000000.0;184000000.0;1000000.0;-95750000.0;-181500000.0;3500000.0;-12750000.0;1557000000.0;278083582.25112915;-355000000.0;575000000.0;442000000.0;690000000.0;37765000000.0;69390000000.0;6892000000.0;30873000000.0;178000000.0;28552000000.0;7470000000.0;633000000.0;1080000000.0;27000000.0;-1429250000.0;-405250000.0;1146250000.0;635000000.0;18000000.0;635000000.0;-169000000.0;663000000.0;1006000000.0;331000000.0;1051000000.0;297000000.0;1311000000.0;377860.9175640058;-139582991.59659964;200470.46120623164;-30490352.979764704;;-29906427.066924177;;;-157000000.0;-48000000.0;-78000000.0;-24000000.0;-3211053.847156007;;82000000.0;;-24754704.351026453;-3000000.0;-1000000.0;;197631243.5006655;49706214.458765745;40993232.124292076;;23000000.0;-8500000.0;1000000.0;856283123.8898063;2000000.0;6500000.0;6250000.0;29250000.0;432000000.0;144648665.9568178;;52750000.0;-750000.0;653000000.0;35530000000.0;12000000.0;-38400489.7260952;317000000.0;;-10540000000.0;4992000000.0;159000000.0;30000000.0;27722000000.0;5151000000.0;-1206759900.5161834;30545000000.0;31625000000.0;116000000.0;217000000.0
2022-09-30;1579000000.0;1873000000.0;;227000000.0;373595895.08670807;330692646.9714569;-573106521.3404756;-363000000.0;100000000.0;41689000000.0;5000000.0;69992000000.0;3819000000.0;483000000.0;723000000.0;23000000.0;805000000.0;19000000.0;824000000.0;57000000.0;204000000.0;2717000000.0;;4246000000.0;2634000000.0;29000000000.0;31634000000.0;2160000000.0;190000000.0;;551000000.0;194000000.0;279000000.0;959000000.0;629000000.0;176500000.0;-160714285.71439105;9000000.0;162000000.0;19965000000.0;729000000.0;1980892238.9343977;195000000.0;134000000.0;1000000.0;-242500000.0;-175000000.0;-27000000.0;-39500000.0;1875000000.0;165449874.966403;-399000000.0;589000000.0;327000000.0;715000000.0;37857000000.0;69992000000.0;6148000000.0;31709000000.0;42000000.0;29107000000.0;7465000000.0;633000000.0;1379000000.0;32000000.0;-1346500000.0;-439500000.0;1208500000.0;576000000.0;19000000.0;576000000.0;-202000000.0;712000000.0;931000000.0;328000000.0;810000000.0;314000000.0;1334000000.0;258234.96090399637;-152749437.15337116;234307.676487223;-33468491.262324385;;-35347146.98948203;;;-104000000.0;29000000.0;123000000.0;40000000.0;14398230.64953516;;229000000.0;;-28674824.49230258;-2000000.0;-1000000.0;;76052283.24786091;-23128867.506033897;91496474.97095907;;21000000.0;-23000000.0;0.0;832124737.9811153;4000000.0;10000000.0;8500000.0;32500000.0;457000000.0;105602006.46022785;;55500000.0;-1500000.0;595000000.0;35534000000.0;11000000.0;-38561479.63072491;240000000.0;;-10593000000.0;4890000000.0;287000000.0;31000000.0;27505000000.0;5177000000.0;-1466275786.693755;30756000000.0;32135000000.0;113000000.0;297000000.0
2022-12-31;1333000000.0;1597000000.0;;222500000.0;648961711.3011231;338609491.40873575;-611371624.8635082;-352000000.0;94000000.0;41632000000.0;10000000.0;69461500000.0;3257500000.0;745000000.0;794000000.0;22500000.0;772500000.0;21500000.0;794000000.0;41500000.0;216000000.0;2717000000.0;;3470000000.0;2397000000.0;29069500000.0;31673000000.0;2012500000.0;190000000.0;;558000000.0;179000000.0;258500000.0;772000000.0;628000000.0;182250000.0;-160714285.71439093;4500000.0;164000000.0;19965000000.0;814000000.0;1915791927.1214552;180000000.0;165000000.0;1000000.0;-389250000.0;-168500000.0;-57500000.0;-66250000.0;1809000000.0;545685452.098855;-422000000.0;603000000.0;339000000.0;652000000.0;37337000000.0;69461500000.0;5461500000.0;31875500000.0;42500000.0;29226500000.0;7540500000.0;633000000.0;1368000000.0;35500000.0;-1263750000.0;-473750000.0;1270750000.0;627500000.0;21500000.0;627500000.0;-248500000.0;675500000.0;1062500000.0;329000000.0;821500000.0;249000000.0;1303000000.0;384669.6213166166;-157373585.60007197;217389.0688467273;-34359335.70728762;;-63609930.24571133;;;-104000000.0;29000000.0;123000000.0;40000000.0;18484045.026218407;;145000000.0;;-24624033.67965058;-3000000.0;-1000000.0;;126847315.70843877;-86928975.57364321;101790555.23090929;;11500000.0;-37500000.0;500000.0;502121311.9209304;4000000.0;13500000.0;10750000.0;35750000.0;482000000.0;200848943.98703247;;58250000.0;-2250000.0;649000000.0;35586500000.0;11000000.0;-113288440.58493614;49000000.0;;-10546000000.0;4167500000.0;365000000.0;29000000.0;27628000000.0;4532500000.0;-1842605028.1355524;30756500000.0;32114000000.0;111500000.0;292000000.0
2023-03-31;1087000000.0;1321000000.0;;218000000.0;924327527.5155382;346526335.84601367;-649047296.5623446;-341000000.0;88000000.0;41575000000.0;15000000.0;68931000000.0;2696000000.0;416000000.0;438000000.0;22000000.0;740000000.0;24000000.0;764000000.0;26000000.0;228000000.0;2717000000.0;;2694000000.0;2160000000.0;29139000000.0;31299000000.0;1865000000.0;190000000.0;;565000000.0;164000000.0;238000000.0;585000000.0;627000000.0;188000000.0;-160714285.71439102;0.0;166000000.0;19965000000.0;899000000.0;1851419004.3323307;165000000.0;196000000.0;1000000.0;-536000000.0;-162000000.0;-88000000.0;-93000000.0;1743000000.0;925921029.231307;-445000000.0;617000000.0;351000000.0;589000000.0;36817000000.0;68931000000.0;4775000000.0;32042000000.0;43000000.0;29346000000.0;7616000000.0;633000000.0;1357000000.0;39000000.0;-1181000000.0;-508000000.0;1333000000.0;679000000.0;24000000.0;679000000.0;-295000000.0;639000000.0;1194000000.0;330000000.0;833000000.0;184000000.0;1272000000.0;511104.28172923694;-161997734.04677278;200470.46120623167;-35250180.152250834;;-71333904.37209804;;;-104000000.0;29000000.0;123000000.0;40000000.0;-2002573.538559556;;61000000.0;;-20573242.866998576;-4000000.0;-1000000.0;;177642348.16901663;-150729083.64125228;112084635.49085951;17000000.0;2000000.0;-52000000.0;1000000.0;172117885.8607452;4000000.0;17000000.0;13000000.0;39000000.0;507000000.0;296095881.51383686;;61000000.0;-3000000.0;703000000.0;35639000000.0;11000000.0;-188015401.53914833;22000000.0;;-10499000000.0;3445000000.0;443000000.0;27000000.0;27751000000.0;3888000000.0;-2256072976.0056896;30757000000.0;32114000000.0;110000000.0;287000000.0
2023-06-30;1142000000.0;1284000000.0;;212000000.0;-169496504.13705122;336021551.1474141;-652707831.0925884;-290000000.0;52000000.0;41387000000.0;19000000.0;69073000000.0;2718000000.0;497000000.0;520000000.0;22000000.0;637000000.0;24000000.0;661000000.0;34000000.0;231000000.0;853851202.3503449;;2471000000.0;2760000000.0;28536000000.0;31296000000.0;1919000000.0;192000000.0;;557000000.0;153000000.0;220000000.0;533000000.0;637000000.0;186750000.0;;13000000.0;169000000.0;19965000000.0;778000000.0;1667932106.38454;208000000.0;168000000.0;250000.0;-441750000.0;-155000000.0;-61750000.0;-76000000.0;1696000000.0;683741661.4039593;-443000000.0;614250000.0;511000000.0;569000000.0;37164000000.0;69073000000.0;5603000000.0;31561000000.0;39000000.0;28632000000.0;7665000000.0;633000000.0;1340000000.0;41000000.0;-1028250000.0;-524000000.0;1297000000.0;586000000.0;24000000.0;586000000.0;-252000000.0;685000000.0;1030000000.0;346000000.0;939000000.0;192000000.0;1270000000.0;511104.28172923694;-161283472.72637647;200470.46120623167;-35093507.976300135;;-68967333.63123025;;;-119061072.65608478;19267003.16432981;-29634944.182878815;;2716254.333102789;;51000000.0;;-22663973.609012514;-4000000.0;-1000000.0;;-24128619.476040266;-132754282.7377491;94265047.4598682;19000000.0;2000000.0;-41250000.0;1000000.0;126906198.61004758;4000000.0;5250000.0;14000000.0;39000000.0;535000000.0;-101658817.10111767;;54500000.0;-2500000.0;610000000.0;35759000000.0;11000000.0;812463546.1962423;23000000.0;;-10550000000.0;3100000000.0;401000000.0;27000000.0;28027000000.0;3501000000.0;-1952068765.8136673;30569000000.0;31909000000.0;103000000.0;282000000.0
2023-09-30;1430000000.0;1502000000.0;;208000000.0;-157771338.4879312;362271529.5649409;-689708431.3574855;-418000000.0;187000000.0;41306000000.0;-8000000.0;68862000000.0;2433000000.0;80000000.0;97000000.0;22000000.0;404000000.0;23000000.0;427000000.0;43000000.0;221000000.0;1024437368.8127015;;2969000000.0;3130000000.0;27863000000.0;30993000000.0;2047000000.0;194000000.0;;561000000.0;79000000.0;106000000.0;745000000.0;634000000.0;185500000.0;;3000000.0;162000000.0;19965000000.0;700000000.0;1678026102.2894025;234000000.0;145000000.0;-500000.0;-347500000.0;-148000000.0;-35500000.0;-59000000.0;1652000000.0;627436673.2479763;-457000000.0;611500000.0;387000000.0;565000000.0;37281000000.0;68862000000.0;6251000000.0;31030000000.0;21000000.0;27871000000.0;7674000000.0;633000000.0;1323000000.0;41000000.0;-875500000.0;-540000000.0;1261000000.0;532000000.0;23000000.0;532000000.0;-238000000.0;738000000.0;938000000.0;346000000.0;958000000.0;190000000.0;1194000000.0;-214640.41624383233;-171982462.26370442;234307.67648722295;-38320523.05239877;;-67197252.61513282;;;-148615103.93555486;20582751.67390503;-186854889.1475973;;-21625991.88291148;;-128000000.0;;-25016045.693778194;-3000000.0;-2000000.0;;-21965750.5406712;-110836702.72883368;93310865.97656119;16666666.666666666;3000000.0;-30500000.0;0.0;454050277.9135735;4000000.0;-6500000.0;15000000.0;39000000.0;563000000.0;-113857925.14244479;;48000000.0;-2000000.0;555000000.0;35944000000.0;11000000.0;753767517.5953331;17000000.0;;-10652000000.0;3537000000.0;370000000.0;29000000.0;28195000000.0;3907000000.0;-1814569548.5198712;30258000000.0;31581000000.0;106000000.0;277000000.0
2023-12-31;1366000000.0;1588000000.0;;199000000.0;-177236598.36693883;319318450.8778295;-644972113.9189496;-217000000.0;152500000.0;41190000000.0;4500000.0;71020000000.0;2542000000.0;83000000.0;96000000.0;22000000.0;545500000.0;25000000.0;570500000.0;34000000.0;415000000.0;998118003.8359466;;2794000000.0;4049000000.0;27880000000.0;31929000000.0;2615000000.0;196000000.0;;574000000.0;126000000.0;178000000.0;395000000.0;632500000.0;184250000.0;;17500000.0;168500000.0;20121000000.0;841000000.0;1755949868.5375476;238500000.0;177000000.0;-1250000.0;-253250000.0;-141000000.0;-9250000.0;-42000000.0;1957000000.0;160090437.62352896;-464500000.0;608750000.0;513000000.0;525000000.0;39291000000.0;71020000000.0;7221000000.0;32070000000.0;23000000.0;28067000000.0;7874000000.0;633000000.0;1423000000.0;40000000.0;-722750000.0;-556000000.0;1225000000.0;639000000.0;25000000.0;639000000.0;-239500000.0;709000000.0;1080500000.0;344000000.0;816000000.0;207000000.0;1229000000.0;-215820.67050423403;-168652786.2939071;82040.20772276205;-37896426.579693854;;-70219700.0415865;;;-169097691.68039763;19055940.714998692;-156552720.9840063;;-21683538.5642732;;-93500000.0;;-22663973.609012514;-8000000.0;-3000000.0;;-25556386.883992374;-299879955.6357236;-100249620.9765706;14333333.333333332;1500000.0;-19750000.0;4500000.0;487101276.4699824;4000000.0;-18250000.0;16000000.0;39000000.0;591000000.0;-76247162.95426148;;41500000.0;-1500000.0;664000000.0;37297000000.0;11000000.0;983618201.3458834;13000000.0;;-10689000000.0;3473500000.0;401000000.0;55000000.0;29761500000.0;3874500000.0;-1295504708.743432;30306000000.0;31729000000.0;108500000.0;272000000.0
2024-03-31;1074000000.0;1404000000.0;;199000000.0;-188625238.17997676;338412318.9886029;-665674233.6511583;-276000000.0;118000000.0;41200000000.0;17000000.0;70736000000.0;2307000000.0;119000000.0;143000000.0;22000000.0;687000000.0;27000000.0;714000000.0;26000000.0;417000000.0;979173866.922688;;2619000000.0;1975000000.0;30071000000.0;32046000000.0;2679000000.0;198000000.0;;587000000.0;55000000.0;85000000.0;521000000.0;631000000.0;183000000.0;;32000000.0;175000000.0;20094000000.0;982000000.0;1958706047.752684;243000000.0;209000000.0;-2000000.0;-159000000.0;-134000000.0;17000000.0;-25000000.0;1907000000.0;506139180.14993;-472000000.0;606000000.0;365000000.0;548000000.0;38993000000.0;70736000000.0;4575000000.0;34418000000.0;32000000.0;30171000000.0;7906000000.0;633000000.0;1371000000.0;39000000.0;-570000000.0;-572000000.0;1189000000.0;746000000.0;27000000.0;746000000.0;-241000000.0;680000000.0;1223000000.0;342000000.0;695000000.0;157000000.0;1209000000.0;-217000.92476463574;-165478035.24688977;-70227.2610416988;-37506312.66220766;;-71083431.0900268;;;-67477244.19435322;20009388.593462322;-126250552.8204153;;-18978844.54027162;;-59000000.0;;-20573242.866998576;-13000000.0;-4000000.0;;-27657178.975537427;-370216613.2153392;-107106333.86173463;12000000.0;0.0;-9000000.0;9000000.0;442859799.7102382;4000000.0;-30000000.0;17000000.0;39000000.0;619000000.0;-35673294.07767588;;35000000.0;-1000000.0;773000000.0;37313000000.0;10000000.0;891055096.6739969;24000000.0;;-10574000000.0;3410000000.0;432000000.0;81000000.0;31328000000.0;3842000000.0;-672479874.238341;30372000000.0;31743000000.0;111000000.0;196000000.0
2024-06-30;1204000000.0;1293000000.0;;196000000.0;-138475012.08434212;330809407.81597126;-687250763.6000044;-262000000.0;99000000.0;41218000000.0;18000000.0;70702000000.0;2190000000.0;98000000.0;124000000.0;22000000.0;589000000.0;27000000.0;616000000.0;29000000.0;407000000.0;890931084.2895515;;2534000000.0;3062000000.0;28560000000.0;31622000000.0;2672000000.0;198000000.0;;584000000.0;46000000.0;72000000.0;488000000.0;641000000.0;183000000.0;;45000000.0;179000000.0;20084000000.0;770000000.0;1716565616.193509;208000000.0;168000000.0;-2000000.0;-159000000.0;-134000000.0;17000000.0;-25000000.0;1858000000.0;212269882.576087;-464000000.0;606000000.0;524000000.0;537000000.0;39008000000.0;70702000000.0;5958000000.0;33050000000.0;40000000.0;28649000000.0;7851000000.0;633000000.0;1356000000.0;42000000.0;-570000000.0;-572000000.0;1189000000.0;575000000.0;27000000.0;746000000.0;-268000000.0;741000000.0;1038000000.0;348000000.0;717000000.0;190000000.0;1186000000.0;717492.9305466034;-151446201.99772656;200470.46120623164;-32616048.767960355;;-69992457.52051848;;;-130495983.69183469;20252342.120516594;-62132921.63368654;;-20072231.486144606;;14000000.0;;-21357266.895253804;-1000000.0;0.0;;-18406276.312842548;-353636764.84706163;-130315291.93623495;13000000.0;1000000.0;-9000000.0;1000000.0;394519396.549824;3000000.0;-30000000.0;17000000.0;39000000.0;619000000.0;-7528931.591100752;;35000000.0;-1000000.0;602000000.0;37533000000.0;10000000.0;734301909.5482197;26000000.0;;-10640000000.0;3213000000.0;359000000.0;36000000.0;32590000000.0;3572000000.0;-768084938.2574329;30338000000.0;31694000000.0;109000000.0;223000000.0
