end;AccountsPayableCurrent;AccountsReceivableNetCurrent;AccruedLiabilitiesCurrent;AdditionalPaidInCapital;AdjustmentsToAdditionalPaidInCapitalSharebasedCompensationRequisiteServicePeriodRecognitionValue;AllocatedShareBasedCompensationExpense;AmortizationOfFinancingCostsAndDiscounts;Assets;AssetsCurrent;CashAndCashEquivalentsAtCarryingValue;CashCashEquivalentsRestrictedCashAndRestrictedCashEquivalents;CommonStockValue;CommonStockValueOutstanding;ConstructionInProgressExpendituresIncurredButNotYetPaid;ContractWithCustomerAssetNet;ContractWithCustomerLiability;CostOfGoodsAndServiceExcludingDepreciationDepletionAndAmortization;CostsAndExpenses;DebtCurrent;DebtInstrumentUnamortizedDiscountPremiumAndDebtIssuanceCostsNet;DebtIssuanceCostsLineOfCreditArrangementsNet;DebtLongtermAndShorttermCombinedAmount;DeferredFinanceCostsNoncurrentNet;DeferredIncomeTaxAssetsNet;DeferredRevenueCurrent;DeferredRevenueNoncurrent;Depreciation;DepreciationDepletionAndAmortization;DerivativeAssets;DerivativeAssetsCurrent;DerivativeAssetsNoncurrent;DerivativeFairValueOfDerivativeNet;DerivativeLiabilities;DerivativeLiabilitiesCurrent;DerivativeLiabilitiesNoncurrent;EmployeeRelatedLiabilitiesCurrent;EmployeeServiceShareBasedCompensationAllocationOfRecognizedPeriodCostsCapitalizedAmount;EmployeeServiceShareBasedCompensationTaxBenefitFromCompensationExpense;EquityMethodInvestments;FinanceLeaseLiability;FinanceLeaseLiabilityNoncurrent;FinanceLeaseLiabilityPaymentsDue;FinanceLeaseLiabilityPaymentsDueAfterYearFive;FinanceLeaseLiabilityPaymentsDueYearFive;FinanceLeaseLiabilityPaymentsDueYearFour;FinanceLeaseLiabilityPaymentsDueYearThree;FinanceLeaseLiabilityPaymentsDueYearTwo;FinanceLeaseLiabilityPaymentsRemainderOfFiscalYear;FinanceLeaseLiabilityUndiscountedExcessAmount;GainLossOnDerivativeInstrumentsNetPretax;GainLossOnSalesOfAssetsAndAssetImpairmentCharges;GainsLossesOnExtinguishmentOfDebt;GeneralAndAdministrativeExpense;Goodwill;IncomeLossFromContinuingOperationsBeforeIncomeTaxesExtraordinaryItemsNoncontrollingInterest;IncomeTaxExpenseBenefit;IncreaseDecreaseInAccountsAndOtherReceivables;IncreaseDecreaseInAccountsPayableAndAccruedLiabilities;IncreaseDecreaseInDeferredRevenue;IncreaseDecreaseInInventories;IncreaseDecreaseInOtherOperatingCapitalNet;InterestCostsCapitalized;InterestCostsCapitalizedAdjustment;InterestCostsIncurred;InterestExpense;InterestPaidNet;InterestPayableCurrent;InventoryNet;LeaseCost;LeaseIncome;LesseeOperatingLeaseLiabilityPaymentsDue;LesseeOperatingLeaseLiabilityPaymentsDueAfterYearFive;LesseeOperatingLeaseLiabilityPaymentsDueYearFive;LesseeOperatingLeaseLiabilityPaymentsDueYearFour;LesseeOperatingLeaseLiabilityPaymentsDueYearThree;LesseeOperatingLeaseLiabilityPaymentsDueYearTwo;LesseeOperatingLeaseLiabilityPaymentsRemainderOfFiscalYear;LesseeOperatingLeaseLiabilityUndiscountedExcessAmount;LessorOperatingLeasePaymentsToBeReceivedRemainderOfFiscalYear;LiabilitiesAndStockholdersEquity;LiabilitiesCurrent;LongTermDebt;LongTermDebtNoncurrent;MinorityInterest;MinorityInterestDecreaseFromDistributionsToNoncontrollingInterestHolders;NetCashProvidedByUsedInFinancingActivities;NetCashProvidedByUsedInInvestingActivities;NetCashProvidedByUsedInOperatingActivities;NetIncomeLoss;NetIncomeLossAttributableToNoncontrollingInterest;NonoperatingIncomeExpense;OilAndGasSalesRevenue;OperatingCostsAndExpenses;OperatingExpenses;OperatingIncomeLoss;OperatingLeaseLeaseIncomeLeasePayments;OperatingLeaseLiability;OperatingLeaseLiabilityCurrent;OperatingLeaseLiabilityNoncurrent;OperatingLeaseRightOfUseAsset;OtherAccruedLiabilitiesCurrent;OtherAssetsCurrent;OtherAssetsMiscellaneousNoncurrent;OtherAssetsNoncurrent;OtherCostAndExpenseOperating;OtherLiabilitiesCurrent;OtherLiabilitiesNoncurrent;OtherNoncashIncomeExpense;OtherNonoperatingIncomeExpense;OtherReceivablesGrossCurrent;OtherSalesRevenueNet;PaymentsForProceedsFromOtherInvestingActivities;PaymentsForRepurchaseOfCommonStock;PaymentsRelatedToTaxWithholdingForShareBasedCompensation;PaymentsToAcquirePropertyPlantAndEquipment;PaymentsToMinorityShareholders;PreferredStockValue;PrepaidExpenseAndOtherAssetsCurrent;ProceedsFromPaymentsForOtherFinancingActivities;ProceedsFromStockOptionsExercised;ProfitLoss;PropertyPlantAndEquipmentNet;ReceivablesNetCurrent;ResearchAndDevelopmentExpense;RestrictedCashAndCashEquivalentsAtCarryingValue;RestrictedCashAndCashEquivalentsNoncurrent;RetainedEarningsAccumulatedDeficit;RevenueFromContractWithCustomerExcludingAssessedTax;RevenueNotFromContractWithCustomer;RevenueNotFromContractWithCustomerOther;Revenues;SalesRevenueFromEnergyCommoditiesAndServices;SellingGeneralAndAdministrativeExpense;ShareBasedCompensation;SharebasedCompensationArrangementBySharebasedPaymentAwardCompensationCost1;StockholdersEquity;StockholdersEquityIncludingPortionAttributableToNoncontrollingInterest;StockIssuedDuringPeriodValueShareBasedCompensationGross;StockRepurchaseProgramRemainingAuthorizedRepurchaseAmount1;TreasuryStockValue;TreasuryStockValueAcquiredCostMethod;VariableLeaseIncome
2010-06-30;;;;;;23097361.558888808;6984000.0;2564433000.0;;73940000.0;1763383210.3731258;;693173.4382048398;;-1045026200.2142508;120000000.0;2149407024.011413;2889793717.0657563;;2254122989.822338;;;-11351080.110542983;566901044.0515646;-4741313.527786255;;;15612000.0;;19993768.327207055;;3200794900.8684835;-2914216049.088573;;;;;;6796850.414767325;-177594768.02230266;-156256079.29641572;5629642.542147011;84550594.28926861;-27256777.622698493;-26243777.38067554;-25142310.18446705;-22609809.579409473;-20040890.118342645;177171180.1160969;-44000.0;;0.0;16910000.0;76819000.0;85172000.0;0.0;28289000.0;36719000.0;-1384000.0;8389000.0;5621000.0;;94089400.22535387;;66950000.0;9412000.0;28010971.068815947;;259474193.3470541;73120678.75173219;-5580937689.5062065;-777535038.1637957;-577476254.4006891;-689297734.2122506;-1136673576.0309753;-599912114.581162;734713790.4927394;-690770986.4033755;349927051.26542073;;1992522319.4334679;;;4095850963.287945;;-312000.0;-132000.0;-49244000.0;85677000.0;-505000.0;60482000.0;884000.0;43585000.0;55665000.0;24690000.0;44307926.51973492;-4878363609.232282;-1018116662.4473135;-3795666095.1096344;-4824859348.274665;10647081.913582096;56504286.511808515;;328663755.51114553;133000.0;;-252610559.33037087;152000.0;158000.0;;25000.0;181000.0;0.0;;;641000.0;;-234500901.82942754;-312000.0;;85172000.0;9775176831.269777;;1143000.0;11822108726.334566;;-6202593034.710101;;-80992392.26586846;65245282.244757235;68275000.0;1029000.0;53998907.944843665;8011000.0;25027672.489387196;-2044765216.4752913;-886274066.9084244;;462007630.7710881;64266828.80831605;;
2010-09-30;1413000.0;2740000.0;38061000.0;541444000.0;;23355686.589009263;6984000.0;2564433000.0;261046000.0;81515000.0;-249341794.88212347;;248000.0;;-294835046.2296555;120000000.0;-1210238255.2012253;-547540240.3608077;298000000.0;1996192482.1969523;;;124497825.81869422;844292426.1556754;26363000.0;27500000.0;;16649000.0;;19995285.507379692;;5899201779.437864;-5729775937.3085985;;;8963812.302362503;;;-247101028.75016746;-96687838.08095339;-68581066.78045096;177463563.09606278;-77182438.59711957;-20062399.37792212;-19610955.003788926;-12024258.676859979;-10895647.741531052;303726755.0028668;272221042.964103;0.0;;0.0;15145000.0;76819000.0;-41301000.0;0.0;28289000.0;36719000.0;-1384000.0;8389000.0;5621000.0;76555168.45082289;94089428.46392804;;63899000.0;9412000.0;84182843.14947648;4588000.0;215040851.38246906;76305088.12920141;13501290658.947826;1472501601.7501307;-518204331.41321206;-152282334.5665748;3642026354.29016;5793930905.7196045;734713790.4927394;-11345946.792137861;494597761.2461695;2619807000.0;364197000.0;;2645609000.0;182766000.0;;-312000.0;-132000.0;-49244000.0;-40580000.0;-721000.0;-63684000.0;749000.0;45865000.0;55665000.0;22383000.0;21432803.14768201;12020437586.986246;6943397920.512555;5557304363.620027;12454183430.41467;45811648.062256575;24966382.872356713;;22065000.0;133000.0;360000.0;3364000.0;152000.0;215000.0;-35329480.94373865;21000.0;181000.0;0.0;;;641000.0;0.0;18632000.0;-312000.0;209326.0476918642;-41301000.0;2133333000.0;;4885000.0;72525000.0;82892000.0;-1148459000.0;;-80992392.26586844;71471631.06659418;68248000.0;1533000.0;4009243.642942816;8011000.0;25341621.963344;-613091000.0;-430325000.0;;7559276282.5954;6065000.0;;
2011-03-31;1413000.0;2740000.0;38061000.0;541444000.0;;22424106.52288083;6984000.0;2564433000.0;261046000.0;24473000.0;-249341794.88212347;;248000.0;;-294835046.2296555;120000000.0;-1210238255.2012253;-547540240.3608077;298000000.0;1993394342.3455498;;;125556777.70617914;844292426.1556697;26363000.0;27500000.0;;15386000.0;;20000020.46827539;;5919122014.039782;-5746266828.76257;;;8963812.302362494;;;-247101028.75016746;-21543834.785586447;33240.81222585216;282240877.5251817;-33762420.819755375;-9995424.238774111;-9882584.957456296;-2567764.404745199;-2285666.2014545426;322177128.4061939;301133625.2048912;0.0;;0.0;21510000.0;76819000.0;-40479000.0;0.0;28289000.0;36719000.0;-1384000.0;8389000.0;5621000.0;76555168.45082289;94003119.35368422;;64154000.0;9412000.0;84182843.14947648;4588000.0;234992158.06422287;81858166.20416157;13439222527.478607;1441591751.622735;-518969376.6803508;-159451688.12554538;3627135433.0629373;5774326767.6754265;734713790.4927394;6398418.693279743;495368397.489656;2619807000.0;364197000.0;;2645609000.0;182766000.0;;-312000.0;-132000.0;-49244000.0;-27593125.0;-641000.0;-64300500.0;768000.0;51107000.0;55665000.0;63746031.25;18855980.51395776;11972530060.896107;6933453409.142523;5526451620.670724;12408084822.963602;45804457.83373284;24924560.03507054;;22065000.0;138000.0;360000.0;3364000.0;152000.0;109000.0;-35329480.94373865;13000.0;181000.0;0.0;;;641000.0;0.0;18632000.0;-312000.0;209326.0476918642;-21166593.75;2133333000.0;;8437000.0;72525000.0;82892000.0;-1148459000.0;;-80992392.26586846;77189684.24532056;150771500.0;8449000.0;2074123.3840269744;8011000.0;24209447.231482793;-613091000.0;-430325000.0;;8557480581.713255;6065000.0;;
2011-06-30;1413000.0;2740000.0;38061000.0;541444000.0;2289000.0;2300000.0;7044333.333333333;2619807000.0;261046000.0;162561000.0;-249302570.54459095;;248000.0;0.0;-294564795.5925439;120000000.0;-1268817729.4115314;-605181194.0908861;298000000.0;1716748174.4897623;;;119083636.80667324;847731341.1970563;26363000.0;27500000.0;;15625000.0;;19997219.587630797;;5985666345.327033;-5780821937.675407;;;5442000.0;0.0;;-247135471.9645768;81601893.09378844;94253337.88666555;426063226.2492073;26126614.86776215;-7855624.671676479;-9723628.76853972;5015866.96110408;8158127.337544486;363727644.49156004;338659300.8652238;-448000.0;;-169000.0;19378000.0;76819000.0;-48456000.0;0.0;18469666.666666664;30318000.0;-1290666.6666666667;4503000.0;4352666.666666667;76555168.45082289;97999750.04246107;;64587000.0;14841333.333333332;84771338.5512792;4588000.0;-1112827114.130989;-8362885.851740181;8261830764.361204;-165379174.09274483;1132329644.0344067;247930402.1008954;2186258999.2601423;1179981570.8795161;734495234.702743;706304273.510452;502406842.7593945;2619807000.0;364197000.0;;2645609000.0;182766000.0;8092000.0;16928000.0;-769666.6666666666;-55728000.0;-14606250.0;-1285000.0;-64917000.0;884000.0;56349000.0;56349000.0;105109062.5;-143072990.56769502;6613845453.11644;2185905437.1333923;4993900725.164052;6474426448.549269;45853128.39193253;24950699.308374397;;22065000.0;137000.0;360000.0;3364000.0;1036333.3333333334;118000.0;-35329480.94373865;18000.0;953666.6666666666;599333.3333333334;;;1240000.0;0.0;18632000.0;-441666.6666666667;209326.0476918642;-1032187.5;2133333000.0;;13356000.0;72525000.0;82892000.0;-1148459000.0;;-80992392.26586847;12359437.30764669;233295000.0;4606000.0;-60534825.443437725;6103666.666666667;4376910.300714337;-613091000.0;-430325000.0;;14793594534.792065;6065000.0;304000.0;
2011-09-30;1699000.0;4177000.0;77410000.0;543776000.0;2289000.0;2300000.0;7104666.666666667;2651443000.0;312338000.0;131312000.0;-138443233.24187994;;248000.0;0.0;-294121540.74155074;120000000.0;-1293581326.787727;-631059615.5502374;488666000.0;1717695563.8036232;;;94594721.92907679;852772024.5536103;26457000.0;26500000.0;;15271000.0;;20001446.912581332;;6013973915.41384;-5756803024.546716;;;5442000.0;0.0;;-233057317.2065163;29111855.153481305;46712179.0585285;353255200.58890635;-5285263.430913806;-14904812.232365005;-16541277.033800026;-1693829.5792510733;2056565.5527143776;353656628.4087137;319005175.5920358;-716000.0;;-338000.0;16227000.0;76819000.0;-55469000.0;0.0;8650333.333333332;23917000.0;-1197333.3333333333;617000.0;3084333.3333333335;74343227.4881179;101996380.73123792;;65125000.0;20270666.666666664;81547450.24129143;6879000.0;-424797789.9299278;130507523.78765032;8019338739.700389;-261160067.89599705;1246283333.1155777;276276032.017895;2037750979.1338377;1123623749.7589912;734779932.376554;677408952.7863288;512206519.233632;2651443000.0;595016000.0;;2463939000.0;217770000.0;8092000.0;34168000.0;-1407333.3333333333;-62212000.0;-1619375.0;-1533000.0;-65824000.0;426000.0;55458000.0;55458000.0;146472093.75;6764966.124677703;6510732497.59775;2379995951.552934;4906944066.379481;6432928013.800249;43737287.68274868;26731637.70879747;;19351000.0;1841000.0;784000.0;3288000.0;1920666.6666666667;17000.0;-33076058.076225035;11000.0;1726333.3333333333;1198666.6666666667;;;1839000.0;0.0;17436000.0;-571333.3333333334;248116.441620763;19102218.75;2119717000.0;;11143000.0;152534000.0;82892000.0;-1202396000.0;;-80992392.26586846;125840264.71369919;315818500.0;-2999000.0;-42391432.284266785;4196333.333333334;4376910.300714323;-664668000.0;-446898000.0;;14152593055.278404;6067000.0;304000.0;
2012-03-31;1916000.0;1873000.0;85247000.0;1252826000.0;2289000.0;2300000.0;7165000.0;2934522000.0;591026000.0;439827000.0;84197385.33213091;;461000.0;0.0;-290680698.00115097;120000000.0;-1371366353.6459756;-710162922.1036284;198893000.0;1731502802.7462015;;;156678751.94188547;736843006.5882332;26525000.0;24500000.0;;16290000.0;;20002551.205418654;;1087939472.5538952;-1031129597.3115207;;29384000.0;5442000.0;0.0;;-205710574.29574582;258879772.07004613;256554948.37394607;674192295.9405935;126151915.15589362;16531554.031045016;13951884.585453514;27486192.860069767;28409766.011714213;410301525.50864017;407975458.47230935;-836000.0;;-507000.0;19993000.0;76819000.0;-58847000.0;6000.0;-1169000.0;17516000.0;-1104000.0;-3269000.0;1816000.0;84652056.02166104;103611522.07366347;;58350000.0;25700000.0;95730650.46090598;3293000.0;4069906193.5771904;843458992.9885066;5579956275.722149;-313762101.0276661;1432412783.2097592;438168635.1529715;839917212.0860779;643754991.8050387;730212308.0812371;1098551373.7935803;52425987.407831416;2934522000.0;314173000.0;;2466287000.0;200888000.0;8092000.0;51408000.0;-2045000.0;-68696000.0;11367500.0;-2438000.0;-59568000.0;550000.0;41657333.333333336;69753000.0;187835125.0;830569614.0435765;5014267812.102552;3430275447.702776;3692402689.7623715;5355630882.638784;40599476.229141645;30340565.201590575;;54479000.0;94000.0;1592000.0;3149000.0;2805000.0;125000.0;-28569212.34119782;6000.0;2499000.0;1798000.0;;;2438000.0;0.0;23010000.0;-701000.0;322037.7583531928;39236625.0;2092796000.0;;21819000.0;123023000.0;82892000.0;-1316620000.0;;-80989998.22851928;700929937.2676218;398342000.0;2658000.0;16511963.37746726;2289000.0;4376910.3007143205;-84073000.0;116815000.0;;16927356021.360321;20499000.0;304000.0;
2012-06-30;11357000.0;4724000.0;57752000.0;1730987000.0;18220000.0;1900000.0;5926000.0;3028330000.0;655330000.0;137885000.0;195033038.9339633;;559000.0;45021000.0;-277043673.11232966;120000000.0;-1390464505.7049434;-727547903.9993188;0.0;1710216898.1042304;;;243284765.6423386;664092725.2498128;25148000.0;23500000.0;;15478000.0;;19851383.657669358;;438998601.24790084;-449397076.0193523;;29384000.0;13284000.0;0.0;;-191611622.68454048;234908042.03135204;234567697.08152157;639525740.1219335;111113531.73464549;14009715.727946367;11621998.224082101;24806488.259277165;25783066.775813334;491406321.43755907;410219895.5244876;261000.0;;-14593000.0;20816000.0;76819000.0;-75859000.0;144000.0;-1115000.0;25544750.0;-1380500.0;-3061750.0;1827000.0;77426258.91356038;73554205.08695118;;55864000.0;19275000.0;89837666.76783805;2319000.0;-10698930427.836014;-1716532907.590763;9391978782.460545;1801792928.8605032;760683330.4826398;768527959.0124817;3520546778.081182;848470501.9685911;730628969.9966686;1775541264.5381238;47327129.9707911;3028330000.0;298141000.0;;2194765000.0;190637000.0;8993500.0;38441000.0;-4031500.0;-54826750.0;74216935.89980781;-2963000.0;-69738000.0;264000.0;27856666.666666668;68449000.0;388098302.49769187;-2062552995.011803;6334524350.804123;-2281370723.382616;5271372679.782778;5117783462.928444;38673702.268195055;33506885.087118037;;67760000.0;74000.0;708000.0;3015000.0;2810750.0;458000.0;-26315789.473684207;264000.0;2262000.0;1463500.0;;;3709500.0;0.0;19103000.0;-526500.0;241163.44648256415;136715456.91285193;2125693000.0;;21088000.0;491299000.0;82892000.0;-1389660000.0;;-80934935.36948857;-1372982944.2867954;;-4007000.0;-279743590.2080577;17639000.0;4028853.2799835773;318272000.0;508909000.0;;18209667052.967674;23340000.0;343000.0;
2012-09-30;2282000.0;29200000.0;138780000.0;2163796000.0;34151000.0;49800000.0;4687000.0;4383725000.0;767414000.0;214995000.0;308929223.0827627;;671000.0;90042000.0;-276403313.63103426;120000000.0;-1323143756.4769433;-664664549.7537272;0.0;1670971679.568892;;;323547648.86797273;591376257.9021246;26525000.0;22500000.0;;15233000.0;;19797861.345878746;;25324852445.20064;-23109085875.289154;;29384000.0;17245000.0;2200000.0;;-180200148.19764665;57200183.04363066;79513220.5501368;390796496.2710206;1830033.8386577964;-9398797.429533675;-10990461.7664585;551078.6320313811;3379557.128976837;442556268.170944;338900767.8421838;287000.0;;0.0;79427000.0;76819000.0;-111815000.0;61000.0;-1061000.0;33573500.0;-1657000.0;-2854500.0;1838000.0;71522817.81577246;382244788.42799467;;45504000.0;12850000.0;130473043.24175215;6597000.0;-27282444309.74948;-4537634687.679772;13692814015.032051;4046323550.649638;48402885.52195215;1099264739.2476997;6520242917.532738;1066424771.9098006;713992528.8242328;2463246662.0392876;63862390.71679054;4383725000.0;168122000.0;;2295939000.0;1268004000.0;9895000.0;25474000.0;-6018000.0;-40957500.0;-187562420.0005561;-2875000.0;-57298000.0;350000.0;14056000.0;120515000.0;-445764337.68311334;-5264865120.177494;7847121731.543511;-8668155953.027805;7073514623.664737;4884940890.081549;40285444.98391212;35779241.82565362;;35152000.0;78000.0;535000.0;2882000.0;2816500.0;-12081000.0;-23423754.3883539;351000.0;2025000.0;1129000.0;460000.0;464608000.0;4981000.0;0.0;15911000.0;-352000.0;0.0;-269182031.32636076;2995052000.0;;11721000.0;500711000.0;267700000.0;-1498661000.0;;-80968052.88615198;-3656485034.4741397;;-292000.0;-598081866.4168841;32989000.0;48344123.81403405;596894000.0;1864898000.0;;15111708617.652088;39115000.0;382000.0;
2012-12-31;12313000.0;15953500.0;190466000.0;2199268000.0;50082000.0;56750000.0;3448000.0;5482772000.0;846498000.0;196518000.0;420207956.8658042;;671000.0;135063000.0;-252163430.93010896;120000000.0;-1303920729.516509;-649977717.1347377;148776500.0;1559449410.855563;;;359392703.9530588;588115847.4055133;25927000.0;21500000.0;15173000.0;15173000.0;310210758.5615679;19779951.566424742;81762000.0;25384502912.495796;-23138092484.37917;;25681000.0;15386500.0;2250000.0;;-106046151.83304358;-195349984.57032323;-204263847.35756034;89810741.48053445;-175367134.9617859;-14882304.128593232;-13932511.046359109;4761530.11854554;-5426662.551470898;291199527.22083503;284666683.6466646;-8590500.0;;0.0;82612500.0;76819000.0;-118262000.0;-9500.0;-1007000.0;41602250.0;-1933500.0;-2647250.0;1849000.0;59400000.0;299776635.18395805;101400000.0;42883000.0;6425000.0;135516002.01156428;5601000.0;3559605714.538929;801098901.6080345;4612381716.527948;615349756.5757942;923114014.353488;749657378.8084753;565802952.193348;422863038.3859947;711940373.03293;1337017329.0315087;59115384.34501602;5482772000.0;229744000.0;;2982112500.0;1681936000.0;10796500.0;12507000.0;-8004500.0;-27088250.0;-308067391.37017953;-5199500.0;-57276500.0;380000.0;14657500.0;126937500.0;-829571109.4244511;764781263.3528264;4043571573.059262;2108379695.341089;3211948595.023008;4286952034.1201553;38694095.091023274;37750996.92119485;;36505500.0;90000.0;1038000.0;2837000.0;2822250.0;-5803000.0;-21220191.41138252;380500.0;1788000.0;794500.0;460000.0;464608000.0;6252500.0;0.0;17028500.0;-177500.0;0.0;-456008800.76046896;3409675500.0;;14404500.0;611397000.0;867400000.0;-1604375500.0;;-80996182.82500462;669080763.6481155;;-428500.0;95259055.93551205;48339000.0;54451510.965175;538961500.0;2220897500.0;;1115063359.7364125;39345000.0;421000.0;
2013-03-31;22344000.0;2707000.0;242152000.0;2234740000.0;66013000.0;63700000.0;2209000.0;6581819000.0;925582000.0;178041000.0;531486690.6488457;;725000.0;180084000.0;-227923548.22918367;120000000.0;-1284697702.5560746;-635290884.5157478;297553000.0;1536256494.2002933;;;405493527.017964;584855436.9088867;25329000.0;20500000.0;15173000.0;15113000.0;310210758.5615679;19762041.78697074;81762000.0;25444153379.79095;-23167099093.469193;;21978000.0;13528000.0;2300000.0;;-78297572.28936875;-78825936.01237077;-94910538.94638187;248192016.10188055;-103925856.26196688;-451302.5388529715;-27722.10493891081;17073293.88308731;6576194.158670664;326512525.2112444;326670111.5778766;-17468000.0;;0.0;85798000.0;76819000.0;-124709000.0;-80000.0;-953000.0;49631000.0;-2210000.0;-2440000.0;1860000.0;59400000.0;217308481.9399215;101400000.0;40262000.0;0.0;140558960.78137645;4605000.0;3363671065.5268764;735009291.8648261;5114771689.373594;851527802.5947742;909146060.9072533;891929840.9913845;681289141.0042815;530853383.4145516;709888217.2416272;1553924554.9156573;54368377.9732414;6581819000.0;291366000.0;5574195000.0;3668286000.0;2095868000.0;11698000.0;-460000.0;-9991000.0;-13219000.0;-309116465.7163054;-7524000.0;-57255000.0;410000.0;15259000.0;133360000.0;-832913483.8677362;703275142.833402;4400280218.832957;2160820250.009508;3519324319.6273956;4628554630.293495;37102745.19813444;39722752.01673608;;37859000.0;102000.0;1541000.0;2792000.0;2828000.0;475000.0;-19016628.43441113;410000.0;1551000.0;460000.0;460000.0;464608000.0;7524000.0;0.0;18146000.0;-3000.0;0.0;-457635730.67117244;3824299000.0;;17088000.0;722083000.0;1467100000.0;-1710090000.0;;-81024312.76385728;613723978.6011255;;-565000.0;76072831.95049822;63689000.0;60558898.11631592;481029000.0;2576897000.0;;3063405988.1263742;39575000.0;460000.0;
2013-06-30;20790000.0;26935000.0;491424000.0;2352741000.0;56574666.666666664;112400000.0;2211666.6666666665;8582230000.0;1353901000.0;396921000.0;646416757.2265611;714000.0;718000.0;142136333.33333334;-211244734.19735485;120000000.0;-943475640.4665422;-313248282.03592384;446329500.0;1490825065.3674579;;;570717854.5948113;534910026.5712292;26585000.0;19500000.0;15173000.0;15173000.0;310210758.5615679;6054856.974392712;81762000.0;23985725864.00388;-21730491688.00118;;0.0;26830000.0;5000000.0;;-86719912.74441224;-19738168.303311348;-54388294.38614333;337620717.02826834;-75668140.82045585;9036308.727160554;9247811.890383061;29152623.81445417;17532701.97855226;344547149.78424776;356819990.8095926;95509000.0;-9255718.670759372;-80510000.0;135076000.0;76819000.0;-162882000.0;1022000.0;-835333.3333333334;47547000.0;-1750000.0;-2627000.0;5636333.333333334;59400000.0;-99858015.05292106;101400000.0;42016000.0;5522333.333333333;107735696.81552505;11730000.0;462937079.4711685;188678006.1832897;5323849296.687885;1073723829.5631237;803531448.1068888;1202579001.768277;1070194754.1038091;498729203.4479914;687491041.6571404;1559087534.547557;60331077.406291276;8582230000.0;548295000.0;5574195000.0;5572008000.0;2067988000.0;14394000.0;-1642333.3333333333;-14665000.0;-14885666.666666666;-617292866.4541708;-9140000.0;-26604000.0;452000.0;31068000.0;203455000.0;-1813928302.9516687;103184447.4764322;4265262077.5422707;1817652520.8035169;3303716997.909612;4289890461.5800276;-8455662.29872799;49435901.224834085;;41699000.0;57000.0;9496000.0;3677000.0;1550000.0;413000.0;-28848562.782007247;335000.0;5199000.0;438095.2380952381;2887333.3333333335;567530666.6666666;11611333.333333334;0.0;18847000.0;12666.666666666666;0.0;-935190129.9913568;4893605000.0;;22081000.0;899468000.0;1778248000.0;-1864853000.0;;-80584607.9040613;168739775.43960768;;416000.0;14883094.904557824;117395000.0;106169246.85126959;370762000.0;2438750000.0;;4073386196.2537346;117709000.0;1011833.3333333334;
2013-09-30;6345000.0;26079000.0;172015000.0;2382424000.0;47136333.33333333;26700000.0;2214333.3333333335;8125853000.0;1009060000.0;374164000.0;752173604.6096914;714000.0;718000.0;104188666.66666667;-235291132.06778082;120000000.0;-907074328.5459995;-253251527.66195118;595106000.0;1487293421.2027767;;;259716000.0;627771513.5216238;26585000.0;18500000.0;15246000.0;15246000.0;307525427.1142621;6804094.562602967;64309000.0;22248318812.716503;-20319558711.090763;;0.0;25693000.0;1300000.0;;-69603378.35699314;-137155088.13982803;-139788321.9886464;147220574.60745594;-129719424.41129065;-7509651.954884136;-6866983.109453173;8135982.898135845;-2777555.44142681;281491388.1138717;283737545.8169284;-22335000.0;-9255718.670759372;0.0;57096000.0;76819000.0;-120674000.0;1809000.0;-717666.6666666666;45463000.0;-1290000.0;-2814000.0;9412666.666666668;63600000.0;362825443.4577095;116100000.0;52528000.0;11044666.666666666;111851000.0;14401000.0;4182078506.233799;908842874.1758305;4188526545.477889;637012352.7915564;757797613.3754883;541759173.7435937;398587454.3108053;421968366.0291605;716206524.5389757;1292594342.7355437;57870602.54208575;8125853000.0;213237000.0;5574195000.0;5574195000.0;2027136000.0;17090000.0;-2824666.6666666665;-19339000.0;-16552333.333333334;-286634630.70066917;-21659000.0;-74798000.0;494000.0;30098000.0;113586000.0;-761308324.9042492;894582881.6833017;3736651909.761446;2001532688.9683707;3014761943.572402;4026728707.7457485;9203000.0;51348928.80325109;;83490000.0;100000.0;8292000.0;3572000.0;272000.0;65000.0;-15149852.142852217;385000.0;8847000.0;416190.4761904762;5314666.666666667;670453333.3333334;15698666.666666668;0.0;16471000.0;28333.333333333332;300000.0;-422780313.0130826;5705567000.0;;11046000.0;577945000.0;828858000.0;-1965677000.0;;-80270590.00509633;755259795.3335537;;590000.0;113132252.08659773;27939000.0;27165695.379838318;289213000.0;2316349000.0;;661413332.0334836;128252000.0;1563666.6666666667;
2014-03-31;6269000.0;3886000.0;142275000.0;2501133000.0;37698000.0;35942000.0;2217000.0;9524616000.0;1468629000.0;914603000.0;974084845.4803696;714000.0;743636.3636363636;66241000.0;-220626281.25140983;120000000.0;-813172163.5790659;-164506387.75930655;691792280.9268832;1461428947.8137913;;;259716000.0;652135533.3903697;26764000.0;16500000.0;15475000.0;15475000.0;308581065.6325664;6474755.261128962;71170000.0;20661232088.933823;-18878092546.81683;;20912166.666666668;14712000.0;1800000.0;;-50066731.185658514;-24096923.48671508;-23793517.539541937;291066025.3553596;-61110325.266403675;7157828.822418025;7235865.347201125;18357298.35218585;6045099.021579199;308572578.9656946;314476137.3974079;-34681000.0;-9255718.670759369;0.0;73808000.0;76819000.0;-122253000.0;92000.0;-600000.0;43379000.0;-830000.0;-3001000.0;13189000.0;88300000.0;285083703.52911294;128600000.0;40270000.0;16567000.0;111851000.0;4106000.0;3008609554.8808813;688594930.4700477;3740862053.049634;653129901.7735786;617536135.282567;513911181.7556138;440770462.1564687;323504863.9174037;715702951.5491598;1217515142.3437333;49192419.07335816;9524616000.0;194869000.0;6578350000.0;6578350000.0;2616054000.0;19786000.0;-4007000.0;-24013000.0;-18219000.0;-248121824.85656857;-24535000.0;-74641000.0;536000.0;13687000.0;115162000.0;-638646618.9241185;654960958.0269375;3259071188.6516457;1700291321.109299;2583550843.2981873;3460864440.716652;9203000.0;55191978.1439541;;140080000.0;80000.0;19561000.0;3281000.0;-1006000.0;310000.0;2251377.354167849;474000.0;12495000.0;394285.7142857143;7742000.0;773376000.0;19786000.0;0.0;25915000.0;44000.0;3691000.0;-363071856.45250505;7132041000.0;;12112000.0;520119000.0;330072000.0;-2198717000.0;;-80955683.69318132;575552292.7535468;;657000.0;90149965.49322316;37698000.0;24655000.0;115562000.0;2731616000.0;;1418125496.7692237;187568000.0;2115500.0;
2014-06-30;30205000.0;4175000.0;320918000.0;2533119000.0;30951333.333333332;26100000.0;4516666.666666666;11859295000.0;1591484000.0;889887000.0;1085833554.494771;715000.0;769272.7272727273;94360666.66666667;-166035040.96657482;120000000.0;-859504455.6041983;-196588282.1484654;641094434.3417578;1428007161.8280442;;;259716000.0;733030949.4214869;26639000.0;15500000.0;17298000.0;16239666.666666666;300744322.8412369;6346620.987257987;20236000.0;-68663811.612243;594043341.1910394;18046000.0;41824333.333333336;30415000.0;2500000.0;;-40411462.358451545;20732202.96321976;14467.061814367771;365204657.51378274;-35954647.209254384;13817636.075773798;13768980.54016241;28492571.068147164;16020867.247925766;323708122.21177477;343708007.7535306;-60178000.0;-9223108.234352056;-114335000.0;67720000.0;76819000.0;-280626000.0;84000.0;8961000.0;53253333.333333336;-887666.6666666666;7891333.333333334;13810000.0;96600000.0;332218742.3053466;140400000.0;43789000.0;11044666.666666668;111851000.0;5800000.0;3101076734.265339;655123692.4915085;4496531394.231661;983866128.5926266;586178529.4498329;534081197.9994452;516999743.33251244;489562471.3204223;711032120.3530113;1515192909.2468235;45379191.16758123;11859295000.0;390883000.0;8987850000.0;8987850000.0;2517414000.0;19874000.0;160486666.66666666;-37521666.666666664;-16872666.666666668;-733862398.8379029;-78782000.0;-218491000.0;578000.0;29409000.0;129780000.0;-2184990709.282018;641459840.3526928;3808105349.425007;1902729908.5486553;3064923232.11677;4031608265.575309;9203000.0;57678988.47856361;;121403000.0;90000.0;13121000.0;4105000.0;-3546333.3333333335;-189000.0;176701.97274151444;480000.0;23718000.0;372380.95238095237;6418333.333333333;712583333.3333334;19874000.0;0.0;20963000.0;36000.0;2600000.0;-1115822473.473541;7933868000.0;;15263000.0;670659000.0;1855769000.0;-2400645000.0;;-80958875.7429802;545085731.5848446;;324000.0;73580334.34698875;28619000.0;24655000.0;-56457000.0;2460957000.0;;2815594122.6094637;189646000.0;2667333.3333333335;
2014-09-30;16064000.0;23385000.0;378982000.0;2562647000.0;24204666.666666664;22500000.0;6816333.333333333;11785316000.0;1509862000.0;791656000.0;1196640248.6076353;715000.0;794909.0909090909;122480333.33333334;-186536817.26230267;120000000.0;-741292869.6856647;-81126075.75789416;704545898.1150107;1408877553.5639737;;;251101000.0;735177291.3624802;26639000.0;14500000.0;16189000.0;17004333.333333332;302579112.1329988;5932644.448221475;32161000.0;127620196.04271507;688243885.3762228;18046000.0;62736500.0;26841000.0;2200000.0;;-30342670.72864324;-17813196.08626485;-2790116.9946038984;250837464.56432876;116112376.65792799;75377755.94575703;76856427.6267861;144928359.24970847;84717686.36000052;-208603083.1417391;274158097.5268314;5379000.0;-9223108.234352056;0.0;74255000.0;76819000.0;-102829000.0;1971000.0;18522000.0;63127666.66666667;-945333.3333333334;18783666.666666668;14431000.0;107900000.0;359517645.6931987;154800000.0;46884000.0;5522333.333333334;155332000.0;13966000.0;3120512138.412874;676245539.3835363;3936402044.816041;739800798.3579779;554138563.169424;423025734.5079193;354678638.6966077;370186596.15491104;711610142.9028698;2028738128.4965212;60865116.641393304;11785316000.0;438788000.0;8989760000.0;8989760000.0;2482361000.0;19962000.0;324980333.3333333;-51030333.33333333;-15526333.333333334;-516126163.816975;-15219000.0;-41665000.0;-328205391.0427964;25908000.0;127971000.0;-1492232579.8169067;661398495.8828194;3372930667.43989;1788535584.9487853;2722511949.235799;3579633900.4079943;27561000.0;59911815.69887525;;141765000.0;75000.0;17103000.0;11715000.0;-6086666.666666667;-160000.0;-1571874.6875893772;323000.0;34941000.0;-275728184.4061438;5094666.666666666;651790666.6666666;19962000.0;0.0;19051000.0;28000.0;3100000.0;-778574642.4055432;8634504000.0;;11544000.0;661804000.0;1139104000.0;-2490226000.0;;-80205950.99666898;562738634.2836298;;-499000.0;170114410.51952362;24655000.0;24655000.0;-151808000.0;2330553000.0;;-30096132760.692604;224944000.0;;
2015-03-31;20953000.0;32503000.0;255815000.0;2989221000.0;17458000.0;16140000.0;9116000.0;14923047000.0;2703059000.0;2158338000.0;1418497928.7601032;712000.0;820545.4545454546;150600000.0;-149626904.53372177;120000000.0;-701215754.0859152;-39888488.680591226;1228603884.9337273;1400054120.7968652;;;217363000.0;752483801.0100982;26653000.0;12500000.0;17769000.0;17769000.0;297703419.2301355;9784610.56965372;472000.0;245275236.61942935;784737963.1999545;18046000.0;83648666.66666667;18595000.0;1851000.0;;-13369951.539244056;289691189.9132446;275590699.2677018;625867991.6994915;383234605.58204556;90714422.2932587;90222777.93453953;105969186.4751718;45405969.81365845;-138423144.90038;329213348.2860624;-126690000.0;-9320939.543574002;-88992000.0;44971000.0;76819000.0;-335166000.0;678000.0;28083000.0;73002000.0;-1003000.0;29676000.0;15052000.0;121026000.0;407835507.6052927;180638000.0;59612000.0;0.0;167376000.0;16282000.0;1987840213.267458;149291991.19696695;4355036046.881317;1559415327.5184517;430719566.3076782;548432481.7097864;453464150.2032668;371629017.06273997;711405007.2052418;2650823466.034882;57868557.792059034;14923047000.0;321467000.0;12117880000.0;12117880000.0;2577509000.0;20050000.0;489474000.0;-64539000.0;-14180000.0;-939598784.8822063;-68135000.0;-274922000.0;662000.0;35706000.0;128613000.0;-2840430845.2659035;140897032.95813504;3493281784.008091;1587392275.088774;2860836683.4512563;3598919219.5926332;32291000.0;61475198.554942966;;215840000.0;156000.0;8851500.0;116829000.0;-8627000.0;372000.0;1360363.6732309163;905000.0;46164000.0;-325712814.5315144;3771000.0;590998000.0;20050000.0;0.0;38480000.0;20000.0;958000.0;-1434865486.5466175;9852970000.0;;16096000.0;457456000.0;1856524000.0;-2916548000.0;;-80721866.04541324;125506476.93833163;;662000.0;97332000.0;16140000.0;17991000.0;-223138000.0;2354371000.0;;-25359492863.283813;296523000.0;3771000.0;
2015-06-30;23799000.0;6746000.0;565832000.0;3014483000.0;16425750.0;50238000.0;10087000.0;17759502000.0;2263362000.0;1470207000.0;1531431855.0378494;711000.0;573098.2202732265;257200000.0;-117885640.30813748;120000000.0;-796563239.0912266;-136846109.27578855;-2307619081.136297;1289956824.6002965;;;637301000.0;768796495.269594;26671000.0;11500000.0;20154000.0;20154000.0;300917723.89212286;16453942.537808806;21363000.0;37261421744.38019;-34314500709.792236;23937000.0;;78908000.0;18427000.0;;-6673157.090096593;262231412.0328629;234152315.70586652;603073724.2510557;403087944.72216916;76137979.30988352;75572407.9976337;90294886.37440072;36263790.22416588;-126637890.30250676;333934511.3717102;46049000.0;-9353549.979981314;-7281000.0;87477000.0;76819000.0;-142309000.0;-507000.0;20812250.0;47751500.0;-1002250.0;22757000.0;13039000.0;155745000.0;97215642.28649336;241231000.0;85486000.0;3750000.0;235996000.0;13954000.0;1016879240.8279006;117496669.21223277;3286583702.7621145;983315006.6872082;191355547.6878128;527581218.2243383;291310649.01427996;189541455.19570196;700130212.4599075;1904881133.7051716;1008353254.4959406;17759502000.0;640839000.0;14854794000.0;14854794000.0;2534131000.0;20062000.0;722855500.0;-340404250.0;-43385000.0;-629971233.993492;-23307000.0;-46435000.0;-706000.0;17727000.0;163899000.0;-1854790251.904547;90808006.99571714;2592916031.059141;1346771274.8737333;2007807248.055623;2655551555.99277;15076000.0;60893900.599994004;;222399000.0;109000.0;600000.0;37013000.0;-6720250.0;283000.0;2536113.14322868;2242000.0;39123000.0;-258672736.26938045;3078250.0;730748500.0;20037500.0;0.0;88382000.0;15500.0;900000.0;-955059554.6890386;13799113000.0;;16609000.0;684073000.0;739145000.0;-3035043000.0;;-81194688.42187259;101698205.78511783;;-706000.0;97332000.0;68665000.0;68665000.0;-318775000.0;2215356000.0;;-20632897421.26595;298926000.0;2584250.0;
2015-09-30;11558000.0;6645000.0;457901000.0;3029317000.0;15393500.0;26249000.0;11058000.0;18452259000.0;2086272000.0;1340262000.0;1639717812.0090046;708000.0;686577.1017103493;363800000.0;-126949187.50458634;120000000.0;-970281872.0109282;-303350586.54068017;-2442659458.3628726;1267993574.847023;;18133417000.0;640399000.0;859842793.0591397;26653000.0;10500000.0;21638000.0;21638000.0;-3728173153.4693093;13386205.392602772;30770000.0;921782867.1353037;941512211.61906;33839000.0;125473000.0;83581000.0;1202000.0;;20543000.0;1494013156.1571786;1306099457.177833;2163983954.646847;1107340471.7506495;230802714.35454386;225433100.8351333;219532988.42951095;173080841.31518018;135786413.652573;659684023.5883664;-161482000.0;-9451381.289203253;0.0;97332000.0;76819000.0;-307161000.0;-69000.0;13541500.0;22501000.0;-1001500.0;15838000.0;11026000.0;192389000.0;245714247.6930675;285955000.0;93566000.0;7500000.0;170254000.0;9032000.0;685644511.3113704;220035929.8889984;2908466623.6056013;770910187.4986401;171961717.1322193;351944099.4489579;194340821.24483502;132787617.9117344;714753639.7771145;2279508636.6733446;81119121.3778344;18452259000.0;530219000.0;15835910000.0;15835910000.0;2504814000.0;20074000.0;956237000.0;-616269500.0;-72590000.0;-302424764.68053615;-9284000.0;-255087000.0;-1557000.0;17963000.0;118133000.0;-811625955.361306;122186346.62021932;2260204313.8486786;1367329314.9632668;1678908629.7018242;2302737035.905054;16860000.0;63509000.0;104829000.0;273840000.0;83000.0;268000.0;85226000.0;-4813500.0;-39000.0;4364060.05541724;1019000.0;32082000.0;186626866.78513893;2385500.0;870499000.0;20025000.0;0.0;78108000.0;11000.0;400000.0;-447272423.3413274;15225250000.0;;4935000.0;652225000.0;118909000.0;-3332851000.0;;-81019923.69538383;196407625.07486022;;-1557000.0;97332000.0;51110000.0;27451000.0;-639883000.0;1864931000.0;;-1196710283.4006057;337057000.0;1397500.0;
2015-12-31;23478000.0;5749000.0;564242500.0;3058982500.0;14361250.0;21124500.0;12029000.0;19441603000.0;2016193500.0;1217631000.0;1806000000.0;708000.0;976188.398735702;470400000.0;-102564357.35786492;120000000.0;-962685358.7451776;-293940795.3792074;-328670729.18143654;1242570307.2079363;336474000.0;18133417000.0;421046500.0;914422750.3789706;26661000.0;9500000.0;22819000.0;22819000.0;-3727453361.637815;12879472.955613494;30065500.0;1288804811.2128167;1011461210.8299205;42200000.0;182422500.0;63786000.0;1101000.0;;20543000.0;1525395215.6063561;1331776844.7645657;2203812541.781979;1128455952.5872958;228156128.37005937;222600765.38035727;214331686.96773678;174207551.73466992;168210207.03309995;668724433.3601092;-171241000.0;-9451381.289203249;-500000.0;72628000.0;76819000.0;-327580500.0;465500.0;6270750.0;-2749500.0;-1000750.0;8919000.0;9013000.0;204694500.0;307528416.29929245;289477500.0;84783000.0;11250000.0;170087500.0;20137500.0;788188033.2178507;223069716.47173154;2524142406.9470205;582143531.5664072;100435301.88282871;154817185.09549427;48295191.44926059;65036765.69850421;497131438.9110097;2129941419.7126253;83400377.55138773;19441603000.0;1549421000.0;16092004500.0;16092004500.0;2459916500.0;20086000.0;1189618500.0;-892134750.0;-101795000.0;-420958404.24659383;-18642000.0;-256043500.0;721500.0;26981500.0;139066500.0;-1189152479.162477;125786466.80295268;1975730469.7796001;1364654391.5586529;1398317448.8751612;2034046063.3215644;17156000.0;63509000.0;104829000.0;268163000.0;97500.0;180500.0;73447000.0;-2906750.0;480500.0;6758000.0;1009500.0;25041000.0;186698652.5015197;1692750.0;1010249500.0;20012500.0;0.0;78108000.0;6500.0;200000.0;-631042208.2902617;16449899000.0;74283000.0;3467500.0;692612500.0;75454500.0;-3638818500.0;;-80806654.86819603;198841741.31991744;;-1557000.0;81666000.0;33555000.0;22225500.0;-925108500.0;1534808000.0;;2840585868.464486;345980000.0;210750.0;
2016-03-31;35398000.0;23979000.0;670584000.0;3088648000.0;13329000.0;16000000.0;13000000.0;20430947000.0;1946115000.0;1095000000.0;1806000000.0;707000.0;1265799.6957613528;577000000.0;-78179527.21114355;120000000.0;-955088845.4794272;-284531004.21773505;1785318000.0;1217147039.5688505;336474000.0;18133417000.0;201694000.0;969002707.6988053;26669000.0;8500000.0;24000000.0;24000000.0;-3726733569.806318;12712008.995655179;29361000.0;1655826755.2903614;1081410210.0407534;50561000.0;239372000.0;43991000.0;1000000.0;;20543000.0;1556777275.0555336;1357454232.3512979;2243641128.9171104;1149571433.42394;225509542.38557464;219768429.92558095;209130385.50596207;175334262.15415925;200634000.41362867;677764843.1318514;-181000000.0;-9483991.725610565;-1000000.0;47924000.0;76819000.0;-348000000.0;1000000.0;-1000000.0;-28000000.0;-1000000.0;2000000.0;7000000.0;217000000.0;379215273.17735654;293000000.0;76000000.0;15000000.0;169921000.0;31243000.0;890731555.124332;226103503.05446488;2139818190.2883472;393376875.63413525;28908886.63343811;-42309729.25797939;-98340138.33157909;-3022407.2596564293;489099889.44857675;1980803683.4873335;85681633.72493848;20430947000.0;2568623000.0;16348099000.0;16348099000.0;2415019000.0;20098000.0;1423000000.0;-1168000000.0;-131000000.0;-539492043.8126506;-28000000.0;-257000000.0;3000000.0;36000000.0;160000000.0;-1566679002.9636447;129386586.98568627;1691167535.218008;1362287885.6724253;1117673607.4440353;1765272876.0542014;17452000.0;63509000.0;104829000.0;262486000.0;112000.0;93000.0;61668000.0;-1000000.0;1000000.0;6758000.0;1000000.0;18000000.0;186770222.1938059;1000000.0;1150000000.0;20000000.0;0.0;78108000.0;2000.0;0.0;-814811993.2391934;17674548000.0;74283000.0;2000000.0;733000000.0;32000000.0;-3944786000.0;;-80593386.04100825;201275857.56497478;;-1557000.0;66000000.0;16000000.0;17000000.0;-1210334000.0;1204685000.0;;6877882020.330368;354903000.0;-976000.0;
2016-06-30;48676000.0;23979000.0;589604000.0;3105728000.0;10552666.666666666;36000000.0;14333333.333333334;21436851000.0;1990482000.0;1049478000.0;1806000000.0;707000.0;1278182.1119280756;552333333.3333334;-54410598.5547286;63000000.0;-556224146.1617048;113434486.46487427;1677476000.0;1172961291.9394102;336474000.0;19466550000.0;245810000.0;998996630.5055637;26709000.0;7500000.0;32000000.0;33000000.0;-3460114780.040983;19000000.0;20715000.0;2308435303.923953;211646904.05468866;72002000.0;311207000.0;69975000.0;5000000.0;0.0;11983000.0;1479774190.0567062;1289228032.2154033;2146107882.2573943;1102107244.5580266;212467707.71860182;206998924.82854596;196490650.7358905;165318834.18860823;202247039.92931202;657694052.158084;-91000000.0;-9483991.725610562;-56000000.0;61409000.0;76819000.0;-336000000.0;-1000000.0;1333333.3333333335;-44000000.0;-4333333.333333334;-16666666.666666668;8666666.666666666;210000000.0;367340199.0483125;316000000.0;106000000.0;64333333.333333336;173907000.0;66322000.0;808356802.889432;246809904.94593465;1909309434.2186651;238174124.01402092;-39422508.04725361;-112381016.38689423;-249298973.69756615;-87161677.86804396;453418608.2482874;1887326581.8770614;57614409.57680565;21436851000.0;2414521000.0;17789074000.0;17789074000.0;2358427000.0;20065333.333333332;1647000000.0;-1208666666.6666667;15666666.666666657;-956557601.665887;-37000000.0;-260000000.0;110000000.0;46000000.0;253000000.0;-2894667219.74089;151462792.09183308;1479310443.70001;1352561828.4797633;959539261.2302201;1553290180.8231118;14139000.0;75941000.0;100540000.0;251458000.0;0.0;54000.0;50382000.0;-666666.6666666667;-7000000.0;6758000.0;2000000.0;2333333.333333334;167223580.69769543;1000000.0;1206333333.3333333;20000000.0;0.0;80149323.70636232;1714.2857142857142;0.0;-1461256539.4412186;18729177000.0;74283000.0;1000000.0;724458000.0;31726000.0;-4243204000.0;1209000000.0;-81391398.49072866;218233095.90663928;;-2931693.711781081;72000000.0;18666666.666666668;41000000.0;-1494260000.0;864167000.0;;7449596411.878232;357491000.0;-317333.3333333334;
2016-09-30;38569000.0;23979000.0;699996000.0;3112753000.0;7776333.333333333;33000000.0;15666666.666666666;22689080000.0;2104727000.0;990132000.0;1849000000.0;705000.0;1327126.5291863084;527666666.6666667;-55426750.68854615;63000000.0;-471348708.3374233;192097083.3317939;1781511000.0;1131026663.6325412;294059000.0;20815024000.0;258199000.0;998151567.9697678;26709000.0;6500000.0;49000000.0;49000000.0;-2707618628.668291;19000000.0;11247000.0;2926825109.3524666;116472955.0662163;61829000.0;268601000.0;104318000.0;7000000.0;0.0;11058000.0;1539320363.278187;1341079249.088371;2220980978.8988843;1147210769.6879547;219934243.35174125;214230780.1154263;202721710.6964176;171963816.11287838;203354394.16315433;672865577.7962518;30000000.0;-9549212.59842519;-26000000.0;61409000.0;76819000.0;-129000000.0;2000000.0;3666666.666666667;-60000000.0;-7666666.666666667;-35333333.333333336;10333333.333333334;193000000.0;357010405.2434865;341000000.0;148000000.0;113666666.66666667;228434000.0;63853000.0;585819254.3024921;181731401.0586396;1799712210.456667;152768132.59333134;-74009728.38508892;-148409324.9213029;-352064538.9086243;-134852448.68560675;425555869.6520672;1827567359.8703651;90450955.973099;22689080000.0;2608878000.0;19033513000.0;19033513000.0;2308458000.0;20032666.666666668;1871000000.0;-1249333333.3333333;162333333.3333333;-1557246072.1351156;-30000000.0;-144000000.0;399000000.0;61000000.0;450000000.0;-4808021597.046775;85361554.21017465;1364019714.0299091;1401865003.041394;848608988.397759;1433869567.4377687;19032000.0;69030000.0;88181000.0;279434000.0;27000.0;264000.0;65849000.0;-333333.3333333334;0.0;14946000.0;2000000.0;-13333333.333333332;147441140.46881747;1000000.0;1262666666.6666667;20000000.0;0.0;65423213.46160531;1428.5714285714284;50000.0;-2392618365.9023438;19891666000.0;154167000.0;2000000.0;827545000.0;31128000.0;-4343646000.0;1209000000.0;-80194379.81614804;164485770.5748442;;-2552860.879576303;59000000.0;21333333.333333332;40000000.0;-1602719000.0;705739000.0;;8325597944.9438;372531000.0;341333.33333333326;
2017-03-31;54000000.0;;683000000.0;3218000000.0;5000000.0;24000000.0;17000000.0;26056000000.0;2419000000.0;923000000.0;2941000000.0;724666.6666666666;1000000.0;503000000.0;-7256232.388407946;63000000.0;98880261.47570539;754703091.696335;24000000.0;1043856835.7865995;244000000.0;24112000000.0;290000000.0;887392966.3448858;63000000.0;5000000.0;70000000.0;70000000.0;755815567.1946449;19000000.0;44000000.0;3468862770.862191;-55250808.29922287;47000000.0;38000000.0;52000000.0;8000000.0;0.0;10000000.0;1499806951.6021194;1303475875.3341496;2176810104.2564764;1157851200.4075494;212346603.91597098;206691865.82050708;195715174.26010013;165248248.0495006;177403879.9222152;668209848.1000073;1000000.0;-9000000.0;-42000000.0;61409000.0;77000000.0;172000000.0;0.0;6000000.0;-76000000.0;-11000000.0;-54000000.0;12000000.0;189000000.0;345901446.9817349;354000000.0;165000000.0;163000000.0;198000000.0;113000000.0;1174562192.036002;215783628.42039633;2390576184.013441;489167996.6027584;-209446880.91151714;-135836628.67719197;-444876660.6037314;35249834.33870369;334163326.7731869;2027647857.3240037;142293190.25590512;26056000000.0;871000000.0;24088000000.0;24088000000.0;2331000000.0;20000000.0;2095000000.0;-1290000000.0;309000000.0;-2058471655.411304;118000000.0;-204000000.0;1143000000.0;78000000.0;835000000.0;-6404287361.864971;159609569.08417043;1817138953.858671;1558755237.8073223;1310665529.726563;1937384124.3990178;25000000.0;74000000.0;30000000.0;238000000.0;3013500.0;369142.85714285716;59000000.0;0.0;2000000.0;13000000.0;3000000.0;-29000000.0;98870283.9903965;1000000.0;1319000000.0;20000000.0;0.0;3320977.1969805807;1142.857142857143;50000.0;-3169643159.5622025;22016000000.0;290000000.0;3000000.0;1000000000.0;1018000000.0;-4180000000.0;1209000000.0;-80992392.26586846;187146025.74479768;;-820966.0750092715;54000000.0;24000000.0;32000000.0;-1336000000.0;995000000.0;;8388732687.085161;375000000.0;1000000.0;
2017-06-30;62000000.0;;674000000.0;3228000000.0;7750000.0;22000000.0;17000000.0;26600000000.0;2368000000.0;796000000.0;2544000000.0;744333.3333333334;1000000.0;454750000.0;4743353.581271708;77250000.0;171688058.17617917;833991484.0829747;0.0;987456526.3970551;197000000.0;24654000000.0;302000000.0;938730796.6764951;65000000.0;3000000.0;89000000.0;90000000.0;1237667527.7307463;20000000.0;43000000.0;2663096121.461425;27298260.874882706;39000000.0;54000000.0;80000000.0;5000000.0;2000000.0;65000000.0;1290877630.2889318;1134267362.9467597;1866001752.27378;960835409.2090743;180676088.83374968;175881774.32103962;164149542.0494149;144040259.99548364;196420495.0941188;568838667.3033144;-36000000.0;-9000000.0;-33000000.0;52625964.48731677;77000000.0;22000000.0;1000000.0;63750000.0;-96000000.0;-6250000.0;-70500000.0;6500000.0;189000000.0;345555284.5436034;377000000.0;188000000.0;192750000.0;207000000.0;150000000.0;796254349.4972086;172863771.8429877;2162463385.0764103;248401501.8264532;-75684435.3813057;-109844978.53469539;-249583969.59150684;126576449.06598526;336397601.4378474;1553180673.596724;110445417.48295893;26600000000.0;840000000.0;24654000000.0;24654000000.0;2617000000.0;50750000.0;1600250000.0;-1161500000.0;349000000.0;-1588605887.076457;306000000.0;-252000000.0;1171000000.0;117000000.0;967000000.0;-4907863557.782594;107210997.49937186;1659572039.4844255;1408941873.0752907;1136487478.0217757;1757279627.0767305;41000000.0;86000000.0;22000000.0;295000000.0;6000000.0;474285.7142857143;45000000.0;2500000.0;5000000.0;22000000.0;4000000.0;-21750000.0;91168391.42957592;2250000.0;1183250000.0;50750000.0;0.0;34864150.19695565;857.1428571428571;50000.0;-2441220423.313565;22904000000.0;283000000.0;1000000.0;1032000000.0;716000000.0;-4465000000.0;1230000000.0;-80593386.04100825;152911895.97001958;;586487.7293288037;61000000.0;25000000.0;27000000.0;-1613000000.0;1004000000.0;;9496813356.716406;377000000.0;2250000.0;
2017-09-30;59000000.0;;722000000.0;3238000000.0;10500000.0;18000000.0;17000000.0;27134000000.0;3031000000.0;919000000.0;2575000000.0;764000.0;1000000.0;406500000.0;7784973.923421264;91500000.0;-287319063.09647274;386840373.15218985;41000000.0;928914483.5435839;159000000.0;24964000000.0;314000000.0;1049246601.411505;134000000.0;2000000.0;91000000.0;92000000.0;1243797763.3431945;12000000.0;37000000.0;2000553830.3108416;66611363.50674428;55000000.0;52000000.0;110000000.0;4000000.0;1000000.0;64000000.0;1284386442.6543195;1145026326.399364;1815157734.347371;895868727.5325134;178353223.10203576;173634465.1775548;159198681.51297408;146760533.33195648;230004153.24496087;526294441.62944704;-2000000.0;-9000000.0;-25000000.0;51780353.951089874;77000000.0;88000000.0;-2000000.0;121500000.0;-116000000.0;-1500000.0;-87000000.0;1000000.0;203000000.0;345071380.50377;389000000.0;186000000.0;222500000.0;220000000.0;133000000.0;873136911.0421271;120716447.82485023;1834785421.3360739;-13222514.168186188;18411741.72463131;-111214018.18362308;-122682382.1948086;217930912.47226703;325820484.7789755;1075125786.795327;85499956.56395958;27134000000.0;1011000000.0;24923000000.0;24923000000.0;2976000000.0;81500000.0;1105500000.0;-1033000000.0;389000000.0;-1653145914.5716434;379000000.0;-209000000.0;1332000000.0;114000000.0;1106000000.0;-5113474094.849543;57564564.979338974;1484083016.0794542;1258358166.512481;967598825.6806259;1586501030.0220497;33000000.0;112000000.0;22000000.0;298000000.0;5687500.0;579428.5714285714;63000000.0;5000000.0;4000000.0;23000000.0;5000000.0;-14500000.0;86870894.07075936;3500000.0;1047500000.0;81500000.0;0.0;67846618.07324505;535694.1341997506;497166.514373171;-2541303824.033499;23466000000.0;264000000.0;3000000.0;1590000000.0;66000000.0;-4754000000.0;1416000000.0;-81790404.71558888;109386870.52773291;;853718.3669521436;64000000.0;26000000.0;22000000.0;-1893000000.0;1083000000.0;0.0;11728633871.753387;378000000.0;3500000.0;
2017-12-31;40000000.0;;725500000.0;3251000000.0;13250000.0;23000000.0;17000000.0;27737500000.0;3149500000.0;817000000.0;2498500000.0;783666.6666666666;1000000.0;358250000.0;-11173454.271102488;105750000.0;-612022270.0275155;70182591.14268792;20500000.0;791000000.0;148500000.0;25310000000.0;303500000.0;1025366018.7906265;127000000.0;1000000.0;99500000.0;100500000.0;800593759.9886062;17500000.0;59000000.0;1293765545.24702;81924418.26680195;40000000.0;30500000.0;78500000.0;5000000.0;1500000.0;64000000.0;989694093.2711391;896385273.8670938;1391182525.3792882;657525273.576132;136424092.02888978;132924315.81428525;119623925.4248605;117110878.48626103;214227800.25217235;399581826.422923;37500000.0;-4500000.0;-12500000.0;56727003.84466538;77000000.0;351500000.0;6500000.0;179250000.0;-136000000.0;3250000.0;-103500000.0;-4500000.0;195500000.0;343582347.3544354;396500000.0;201000000.0;252250000.0;235500000.0;128000000.0;719933472.4038401;79213192.62987825;1807269645.5059042;-322944101.1104479;196974491.4343853;-75497626.69949102;133678599.80725896;393120553.78320575;263010050.75042248;486739653.6967593;69616646.17166471;27737500000.0;953000000.0;25289500000.0;25289500000.0;3040000000.0;112250000.0;610750000.0;-904500000.0;429000000.0;-2646578987.713839;311000000.0;-170500000.0;1749000000.0;127000000.0;1300500000.0;-8277594946.418839;10522803.578560084;1535304494.196691;1169715974.9044657;966159771.1646247;1637168766.5139208;42000000.0;107500000.0;29000000.0;295000000.0;5375000.0;684571.4285714286;68500000.0;7500000.0;5500000.0;23000000.0;7500000.0;-7250000.0;82130088.8942765;4750000.0;911750000.0;112250000.0;0.0;41504289.305375606;740056.155861415;758024.349531549;-4081510248.2106233;23970000000.0;435000000.0;2000000.0;1643000000.0;38500000.0;-4512000000.0;1827000000.0;-78398851.80427709;75783022.67362025;;2593737.2615820244;65500000.0;27000000.0;28000000.0;-1645000000.0;1395000000.0;0.0;11250697496.621183;385000000.0;4750000.0;
2018-03-31;21000000.0;;729000000.0;3264000000.0;16000000.0;28000000.0;17000000.0;28341000000.0;3268000000.0;715000000.0;2422000000.0;;1000000.0;310000000.0;-30131882.46562624;120000000.0;1027000000.0;1649072158.981331;0.0;791000000.0;138000000.0;25656000000.0;293000000.0;655391487.4437354;120000000.0;0.0;108000000.0;109000000.0;357389756.6340165;23000000.0;81000000.0;586977260.1831982;97237473.02685975;25000000.0;9000000.0;47000000.0;6000000.0;2000000.0;64000000.0;695001743.8879596;647744221.3348243;967207316.4112068;419181819.61975336;94494960.95574415;92214166.45101604;80049169.33674744;87461223.64056611;198451447.25938112;272869211.2163996;77000000.0;0.0;0.0;61673653.738240875;77000000.0;615000000.0;15000000.0;237000000.0;-156000000.0;8000000.0;-120000000.0;-10000000.0;188000000.0;342093314.2051008;404000000.0;216000000.0;282000000.0;251000000.0;123000000.0;557945329.9733949;34504014.75882223;1714509181.4060564;-365810606.0898304;260142077.74268913;-35258572.27525067;290894501.94753003;472660565.7800027;200199616.72186947;189523965.64162925;53733335.7793697;28341000000.0;895000000.0;25656000000.0;25656000000.0;3104000000.0;143000000.0;116000000.0;-776000000.0;469000000.0;-3640012060.8560357;243000000.0;-132000000.0;2166000000.0;140000000.0;1495000000.0;-11441715797.98814;-24441073.97566873;1477814558.277801;1054722740.1631439;899678759.7631675;1570105966.295864;51000000.0;103000000.0;36000000.0;292000000.0;5062500.0;;74000000.0;10000000.0;7000000.0;23000000.0;10000000.0;0.0;77242828.18068218;6000000.0;776000000.0;143000000.0;0.0;15161960.537506342;0.0;1059393.9854121818;-5621716672.387748;24474000000.0;606000000.0;1000000.0;1696000000.0;11000000.0;-4270000000.0;2238000000.0;-57000000.0;44000000.0;;78952.59911254584;67000000.0;28000000.0;34000000.0;-1397000000.0;1707000000.0;0.0;10772761121.489166;392000000.0;6000000.0;
2018-06-30;29000000.0;;1382000000.0;3664000000.0;23000000.0;30000000.0;17250000.0;30327000000.0;3966000000.0;874000000.0;3271000000.0;;1000000.0;359750000.0;-11950506.425461888;99000000.0;1027000000.0;1674341519.365726;137000000.0;791000000.0;97000000.0;26919000000.0;293000000.0;669542203.4521744;99000000.0;0.0;111000000.0;111000000.0;691448093.2639194;37000000.0;107000000.0;712671439.4405458;224941093.94505534;81000000.0;24000000.0;75000000.0;7000000.0;0.0;64000000.0;414152118.25870585;385877737.09630364;620981993.9405757;294425836.61647654;56221872.67848109;54957972.880677074;48010831.116450764;53491529.47563651;117392864.00048049;207332577.51439273;32000000.0;0.0;0.0;63182321.65101563;77000000.0;147000000.0;-3000000.0;153000000.0;-153500000.0;-1750000.0;-101000000.0;-10000000.0;196000000.0;330223753.2320173;412000000.0;216000000.0;238500000.0;385000000.0;233000000.0;921937266.6918142;89425084.62329328;1092961444.9575987;-59356815.74501228;82631953.52761555;-30530242.71316147;56664629.84842688;277450040.6156621;356824692.3291534;127941220.09989399;61094626.98648421;30327000000.0;1728000000.0;26782000000.0;26782000000.0;2751000000.0;145000000.0;110500000.0;-744750000.0;454750000.0;-3302874229.323906;168000000.0;-189000000.0;1442000000.0;147000000.0;1207000000.0;-10368053932.553862;62079686.957499534;981935572.7428219;671346101.7799497;588321018.5600412;1067006174.5565467;52000000.0;156000000.0;30000000.0;309000000.0;4750000.0;;59000000.0;7500000.0;10000000.0;25000000.0;33000000.0;500000.0;58726142.85486221;7500000.0;738250000.0;143250000.0;0.0;-2444661.8788371384;-250000.0;1425930.5402087357;-5099081883.8786545;25760000000.0;278000000.0;3000000.0;2386000000.0;11000000.0;-4288000000.0;1594000000.0;-57000000.0;44000000.0;;-2278433.91559723;73000000.0;28000000.0;37000000.0;-1017000000.0;1734000000.0;0.0;7082969472.795877;394000000.0;2000000.0;
2018-09-30;80000000.0;;987000000.0;4009000000.0;26000000.0;31000000.0;17500000.0;30740000000.0;3670000000.0;989000000.0;2932000000.0;;1000000.0;409500000.0;68190984.98534176;120000000.0;1027000000.0;1655000000.0;66000000.0;784000000.0;78000000.0;27504000000.0;293000000.0;527646338.2994752;120000000.0;0.0;112000000.0;113000000.0;737247991.9932902;63000000.0;121000000.0;374815467.0956764;240316329.4234646;96000000.0;16000000.0;113000000.0;7000000.0;1000000.0;92000000.0;59000000.0;58000000.0;194000000.0;146000000.0;10000000.0;10000000.0;10000000.0;10000000.0;8000000.0;135000000.0;23000000.0;-8000000.0;0.0;64739485.014454186;77000000.0;230000000.0;3000000.0;69000000.0;-151000000.0;-11500000.0;-82000000.0;-10000000.0;205000000.0;292220762.69613373;426000000.0;221000000.0;195000000.0;252000000.0;298000000.0;140000000.0;37000000.0;648000000.0;167000000.0;18000000.0;18000000.0;31000000.0;138000000.0;276000000.0;116000000.0;32000000.0;30740000000.0;1350000000.0;27438000000.0;27438000000.0;2440000000.0;147000000.0;105000000.0;-713500000.0;440500000.0;-4137983988.513355;162000000.0;-195000000.0;1442000000.0;170000000.0;1394000000.0;-13027853318.132372;-480187.0307557285;532000000.0;325000000.0;207000000.0;542000000.0;67000000.0;131000000.0;29000000.0;295000000.0;;1000000.0;76000000.0;5000000.0;15000000.0;14000000.0;33000000.0;1000000.0;50173916.4697904;9000000.0;700500000.0;143500000.0;0.0;-28130329.044783935;-500000.0;1670620.4434769691;-6393801024.192286;26499000000.0;243000000.0;2000000.0;1943000000.0;0.0;-4223000000.0;1832000000.0;-57000000.0;44000000.0;;-2909876.7320373487;74000000.0;28000000.0;38000000.0;-609000000.0;1831000000.0;0.0;783659336.7399044;396000000.0;2000000.0;5000000.0
2018-12-31;73000000.0;;1044000000.0;4036000000.0;27000000.0;29500000.0;17750000.0;31812500000.0;3783000000.0;1041000000.0;2971500000.0;;1000000.0;459250000.0;71175630.62436816;114000000.0;1120500000.0;1655000000.0;33000000.0;771500000.0;72000000.0;28115000000.0;364995539.1312982;222702416.1735716;114000000.0;0.0;127500000.0;128500000.0;627345921.8792026;85000000.0;81500000.0;429033133.4369658;207233216.65231597;66500000.0;27500000.0;76000000.0;5500000.0;1000000.0;104500000.0;59000000.0;58000000.0;194000000.0;146000000.0;10000000.0;10000000.0;10000000.0;10000000.0;8000000.0;135000000.0;-6000000.0;-5000000.0;;71898250.00895542;77000000.0;285000000.0;3000000.0;-15000000.0;-148500000.0;-21250000.0;-63000000.0;-10000000.0;2000000.0;282475239.10855335;437000000.0;234000000.0;151500000.0;268500000.0;288500000.0;140000000.0;37000000.0;648000000.0;167000000.0;18000000.0;18000000.0;31000000.0;138000000.0;276000000.0;116000000.0;32000000.0;31812500000.0;1504500000.0;28082000000.0;28082000000.0;2473500000.0;145500000.0;99500000.0;-682250000.0;426250000.0;-4549777443.932761;179000000.0;-230500000.0;1442000000.0;195500000.0;1524500000.0;-14339439222.213842;11155357.899909198;532000000.0;325000000.0;207000000.0;542000000.0;57000000.0;118500000.0;31500000.0;306000000.0;;9000000.0;67000000.0;2500000.0;15500000.0;32500000.0;33000000.0;1500000.0;41194888.28332925;10500000.0;662750000.0;143750000.0;0.0;-47984823.805320635;-750000.0;2114254.2209880734;-7032244342.903528;27226000000.0;316500000.0;1500000.0;2175000000.0;0.0;-4119000000.0;1990500000.0;9000000.0;40500000.0;;-1668039.1930384487;73500000.0;28000000.0;35000000.0;-489000000.0;1984500000.0;0.0;758065813.2386959;407000000.0;7000000.0;5000000.0
2019-03-31;66000000.0;;1101000000.0;4063000000.0;28000000.0;28000000.0;18000000.0;32885000000.0;3896000000.0;1093000000.0;3011000000.0;;1000000.0;509000000.0;74160276.26339397;108000000.0;1214000000.0;1655000000.0;0.0;759000000.0;58000000.0;28726000000.0;368106429.2102859;-82241505.95233274;108000000.0;;143000000.0;144000000.0;517443851.7651148;107000000.0;42000000.0;483250799.77825534;174150103.88116735;37000000.0;39000000.0;39000000.0;4000000.0;1000000.0;117000000.0;59000000.0;58000000.0;194000000.0;146000000.0;10000000.0;10000000.0;10000000.0;10000000.0;8000000.0;135000000.0;-35000000.0;-2000000.0;;72723341.42542282;77000000.0;340000000.0;3000000.0;-99000000.0;-146000000.0;-31000000.0;-44000000.0;-10000000.0;-201000000.0;272729715.5209729;448000000.0;247000000.0;108000000.0;285000000.0;279000000.0;140000000.0;37000000.0;648000000.0;167000000.0;18000000.0;18000000.0;31000000.0;138000000.0;276000000.0;116000000.0;32000000.0;32885000000.0;1659000000.0;28726000000.0;28726000000.0;2507000000.0;144000000.0;94000000.0;-651000000.0;412000000.0;23451559817.42491;196000000.0;-266000000.0;3004243879.8418446;221000000.0;1655000000.0;74844548717.11934;23000000.0;532000000.0;325000000.0;207000000.0;542000000.0;47000000.0;106000000.0;34000000.0;317000000.0;;17000000.0;58000000.0;0.0;16000000.0;51000000.0;;2000000.0;0.0;12000000.0;625000000.0;144000000.0;0.0;-67858158.68351877;-1000000.0;2557887.998499183;36380107072.02181;27953000000.0;390000000.0;1000000.0;1918000000.0;0.0;-4015000000.0;2149000000.0;75000000.0;37000000.0;;-426201.65403954894;73000000.0;28000000.0;32000000.0;-369000000.0;2138000000.0;0.0;841000000.0;418000000.0;12000000.0;5000000.0
2019-06-30;120000000.0;;1572000000.0;4097000000.0;33000000.0;33000000.0;22666666.666666668;34572000000.0;4425000000.0;2279000000.0;3440000000.0;;1000000.0;424333333.3333333;154983457.31392658;136000000.0;1277000000.0;1860000000.0;0.0;752000000.0;55000000.0;29944000000.0;369227782.7715132;400000000.0;136000000.0;;203000000.0;204000000.0;274808444.2299471;127000000.0;103000000.0;754003732.7924471;197816803.6090495;84000000.0;94000000.0;58000000.0;1000000.0;0.0;124000000.0;59000000.0;58000000.0;191000000.0;146000000.0;10000000.0;10000000.0;10000000.0;10000000.0;5000000.0;132000000.0;-74000000.0;-4000000.0;;74773299.60967799;77000000.0;2000000.0;0.0;-73666666.66666667;-156000000.0;-43000000.0;-54000000.0;-13000000.0;-86000000.0;59000000.0;458000000.0;372000000.0;170333333.33333334;405000000.0;290000000.0;144000000.0;31000000.0;602000000.0;166000000.0;19000000.0;19000000.0;39000000.0;167000000.0;192000000.0;108000000.0;13000000.0;34572000000.0;2207000000.0;29944000000.0;29944000000.0;2477000000.0;146000000.0;34333333.333333336;-652000000.0;466000000.0;18201220606.50298;116000000.0;-430000000.0;3336536396.747938;295000000.0;1860000000.0;58122285289.276695;23000000.0;494000000.0;292000000.0;202000000.0;502000000.0;74000000.0;135000000.0;37000000.0;337000000.0;;3000000.0;44000000.0;0.0;16000000.0;31000000.0;;4000000.0;3000000.0;21000000.0;602000000.0;147333333.33333334;0.0;-71369278.34388444;-666666.6666666667;4104778.9634400047;28240161108.51925;29073000000.0;433000000.0;3000000.0;1781727272.7272727;;-4129000000.0;2168000000.0;93000000.0;31000000.0;;-2404722.478885254;77000000.0;28333333.333333332;34000000.0;-454000000.0;2023000000.0;0.0;841000000.0;423000000.0;2000000.0;5000000.0
2019-09-30;50000000.0;;1199000000.0;4130000000.0;33000000.0;33000000.0;27333333.333333336;34705000000.0;4185000000.0;2539000000.0;3117000000.0;;1000000.0;339666666.6666666;58000000.0;171000000.0;1267000000.0;1863000000.0;11000000.0;723000000.0;50000000.0;30806000000.0;369312172.97307795;400000000.0;171000000.0;;211000000.0;213000000.0;-346663492.72908545;140000000.0;123000000.0;47195797.98254365;552506914.3964684;181000000.0;245000000.0;83000000.0;2000000.0;2000000.0;73000000.0;62000000.0;58000000.0;191000000.0;146000000.0;10000000.0;10000000.0;10000000.0;10000000.0;5000000.0;129000000.0;-78000000.0;-1000000.0;;69547823.83540419;77000000.0;-263000000.0;-3000000.0;-48333333.333333336;-166000000.0;-55000000.0;-64000000.0;-16000000.0;73000000.0;59000000.0;468000000.0;395000000.0;232666666.6666667;318000000.0;288000000.0;166000000.0;28000000.0;586000000.0;166000000.0;19000000.0;19000000.0;51000000.0;218000000.0;113000000.0;106000000.0;3000000.0;34705000000.0;1892000000.0;30795000000.0;30795000000.0;2386000000.0;149000000.0;-25333333.33333333;-653000000.0;520000000.0;13997900670.02831;58000000.0;-570000000.0;3199774850.763033;308000000.0;1863000000.0;44734764897.63903;23000000.0;480000000.0;275000000.0;203000000.0;493000000.0;81000000.0;133000000.0;47000000.0;287000000.0;;5000000.0;26000000.0;0.0;-70000000.0;49000000.0;;6000000.0;156000000.0;30000000.0;579000000.0;150666666.66666666;0.0;-49056406.19704284;-333333.3333333334;5883379.440220636;21723477964.619907;29490000000.0;507000000.0;2000000.0;1645454545.4545455;;-4447000000.0;2078000000.0;64000000.0;28000000.0;;-6488052.691864688;72000000.0;28666666.666666668;35000000.0;-900000000.0;1486000000.0;0.0;841000000.0;584000000.0;5000000.0;5000000.0
2020-03-31;29000000.0;;922000000.0;4196000000.0;29000000.0;29000000.0;32000000.0;35747000000.0;3937000000.0;2399000000.0;2829000000.0;;1000000.0;255000000.0;58000000.0;94000000.0;724000000.0;1363000000.0;229800000.0;673000000.0;50000000.0;31077000000.0;349807382.61665326;400000000.0;94000000.0;;232000000.0;233000000.0;-1602437947.2126803;322000000.0;705000000.0;244443696.22094262;147644361.3966668;244000000.0;186000000.0;42000000.0;1000000.0;18000000.0;197000000.0;59000000.0;58000000.0;184000000.0;136000000.0;10000000.0;10000000.0;10000000.0;10000000.0;8000000.0;125000000.0;-208000000.0;-5000000.0;;77041119.3876077;77000000.0;734000000.0;131000000.0;-23000000.0;-176000000.0;-67000000.0;-74000000.0;-19000000.0;-59000000.0;59000000.0;471000000.0;412000000.0;295000000.0;380000000.0;239000000.0;144000000.0;52000000.0;449000000.0;166000000.0;22000000.0;22000000.0;23000000.0;58000000.0;158000000.0;107000000.0;3000000.0;35747000000.0;3657000000.0;28940000000.0;28940000000.0;2523000000.0;154000000.0;-85000000.0;-654000000.0;574000000.0;375000000.0;228000000.0;-612000000.0;3911653353.454118;316000000.0;1863000000.0;1346000000.0;37000000.0;342000000.0;178000000.0;164000000.0;350000000.0;48000000.0;79000000.0;58000000.0;476000000.0;;53000000.0;23000000.0;0.0;9000000.0;76000000.0;;8000000.0;155000000.0;39000000.0;556000000.0;154000000.0;0.0;-145561736.6879456;0.0;8638615.221016753;603000000.0;29802000000.0;468000000.0;4000000.0;1509181818.181818;;-3133000000.0;2493000000.0;164000000.0;52000000.0;2709000000.0;-9140112.520913186;81000000.0;29000000.0;30000000.0;196000000.0;2719000000.0;0.0;596000000.0;868000000.0;39000000.0;15000000.0
2020-06-30;26000000.0;;735000000.0;4227000000.0;31000000.0;29000000.0;29000000.0;35846000000.0;3827000000.0;2039000000.0;2544000000.0;;1000000.0;281250000.0;58000000.0;23000000.0;803000000.0;1465000000.0;448600000.0;623000000.0;50000000.0;31044000000.0;331704284.21176267;337000000.0;23000000.0;;231000000.0;233000000.0;619712305.1727157;284000000.0;589000000.0;-78650170.140412;342827268.5001988;239000000.0;161000000.0;57000000.0;3000000.0;1000000.0;206000000.0;59000000.0;58000000.0;181000000.0;136000000.0;10000000.0;10000000.0;10000000.0;10000000.0;5000000.0;122000000.0;-25000000.0;0.0;;77882099.38037685;77000000.0;467000000.0;63000000.0;-16500000.0;-119000000.0;-59250000.0;-51500000.0;-11500000.0;-62000000.0;62000000.0;469000000.0;407000000.0;274000000.0;249000000.0;207000000.0;102000000.0;23000000.0;704000000.0;221000000.0;71000000.0;71000000.0;85000000.0;121000000.0;135000000.0;178000000.0;1000000.0;35846000000.0;1464000000.0;30807000000.0;30807000000.0;2574000000.0;156000000.0;-200000000.0;-540500000.0;697000000.0;197000000.0;207000000.0;-470000000.0;3870598226.275425;355000000.0;1863000000.0;937000000.0;15000000.0;526000000.0;179000000.0;347000000.0;520000000.0;108000000.0;146000000.0;23000000.0;546000000.0;;25000000.0;13000000.0;-250000.0;5000000.0;138000000.0;;8500000.0;0.0;39750000.0;464500000.0;155500000.0;0.0;-188372335.57608753;1000000.0;8196521.191923211;404000000.0;29950000000.0;646000000.0;1000000.0;1372909090.909091;;-2936000000.0;2424000000.0;-45000000.0;23000000.0;2402000000.0;-8929631.582099812;73000000.0;29750000.0;32000000.0;422000000.0;2996000000.0;0.0;596000000.0;870000000.0;2000000.0;8000000.0
2020-09-30;41000000.0;;1006000000.0;4246000000.0;26000000.0;27000000.0;26000000.0;35931000000.0;3632000000.0;2091000000.0;2613000000.0;;1000000.0;307500000.0;64000000.0;179000000.0;768000000.0;1388000000.0;667400000.0;573000000.0;;31287000000.0;313601185.8068721;414000000.0;179000000.0;;231000000.0;233000000.0;373000000.0;195000000.0;592000000.0;-135000000.0;508000000.0;164000000.0;173000000.0;88000000.0;0.0;2000000.0;77000000.0;60000000.0;58000000.0;179000000.0;136000000.0;10000000.0;10000000.0;10000000.0;10000000.0;3000000.0;119000000.0;0.0;0.0;;68570775.08984427;77000000.0;-583000000.0;-75000000.0;-10000000.0;-62000000.0;-51500000.0;-29000000.0;-4000000.0;61000000.0;61000000.0;416000000.0;355000000.0;253000000.0;375000000.0;280000000.0;79000000.0;10000000.0;803000000.0;284000000.0;95000000.0;96000000.0;109000000.0;145000000.0;74000000.0;170000000.0;0.0;35931000000.0;1917000000.0;30949000000.0;30949000000.0;2371000000.0;158000000.0;-315000000.0;-427000000.0;820000000.0;-463000000.0;-45000000.0;-655000000.0;2769362360.371355;317000000.0;;72000000.0;9000000.0;633000000.0;160000000.0;473000000.0;630000000.0;84000000.0;154000000.0;27000000.0;385000000.0;;29000000.0;14000000.0;-500000.0;-129000000.0;100000000.0;;9000000.0;0.0;40500000.0;373000000.0;157000000.0;0.0;-164241847.10950243;2000000.0;8396926.32499076;-508000000.0;30201000000.0;390000000.0;0.0;4997615112.028107;;-3399000000.0;1421000000.0;29000000.0;10000000.0;1460000000.0;-5772417.49989922;70000000.0;30500000.0;27000000.0;-24000000.0;2347000000.0;0.0;596000000.0;872000000.0;2000000.0;1000000.0
2020-12-31;62500000.0;;1134500000.0;4276000000.0;29500000.0;29500000.0;23000000.0;36163000000.0;3603000000.0;1879000000.0;2505500000.0;1000000.0;1000000.0;333750000.0;79000000.0;140500000.0;1077000000.0;1707000000.0;886200000.0;523000000.0;;30928500000.0;295498087.4019816;408000000.0;140500000.0;;232500000.0;234500000.0;373000000.0;131000000.0;449000000.0;-135000000.0;508000000.0;253000000.0;169500000.0;66000000.0;1000000.0;13500000.0;82000000.0;59500000.0;57500000.0;177000000.0;131500000.0;10000000.0;10000000.0;10000000.0;10000000.0;5500000.0;117500000.0;500000.0;0.0;;69622224.41455594;77000000.0;38500000.0;7000000.0;-3500000.0;-5000000.0;-43750000.0;-6500000.0;3500000.0;61000000.0;61000000.0;416500000.0;355500000.0;232000000.0;382500000.0;297000000.0;116500000.0;7000000.0;1100000000.0;313000000.0;129000000.0;144000000.0;161500000.0;199000000.0;153500000.0;194000000.0;0.0;36163000000.0;2534500000.0;30207000000.0;30207000000.0;2399000000.0;159000000.0;-430000000.0;-313500000.0;943000000.0;-35000000.0;66500000.0;-529500000.0;3352401282.7154207;319500000.0;;568000000.0;6000000.0;906000000.0;205500000.0;700500000.0;905500000.0;74500000.0;137000000.0;29500000.0;415500000.0;;17000000.0;10500000.0;-750000.0;-61500000.0;89500000.0;;9500000.0;0.0;41250000.0;281500000.0;158500000.0;0.0;-168918758.2277037;3000000.0;8361728.899729781;31500000.0;30305000000.0;532500000.0;500000.0;5284640341.130697;;-3299500000.0;2273500000.0;-5500000.0;7000000.0;2275000000.0;3775430.2267536297;75500000.0;31250000.0;30500000.0;84500000.0;2483500000.0;0.0;594250000.0;893000000.0;22000000.0;1000000.0
2021-03-31;84000000.0;;1263000000.0;4306000000.0;33000000.0;32000000.0;20000000.0;36395000000.0;3574000000.0;1667000000.0;2398000000.0;1000000.0;1000000.0;360000000.0;94000000.0;102000000.0;1386000000.0;2026000000.0;1105000000.0;464355255.53694665;;30570000000.0;277394988.997091;402000000.0;102000000.0;;234000000.0;236000000.0;373000000.0;67000000.0;306000000.0;-135000000.0;508000000.0;342000000.0;166000000.0;44000000.0;2000000.0;25000000.0;87000000.0;59000000.0;57000000.0;175000000.0;127000000.0;10000000.0;10000000.0;10000000.0;10000000.0;8000000.0;116000000.0;1000000.0;0.0;;70673673.7392676;77000000.0;660000000.0;89000000.0;3000000.0;52000000.0;-36000000.0;16000000.0;11000000.0;61000000.0;61000000.0;417000000.0;356000000.0;211000000.0;390000000.0;314000000.0;154000000.0;4000000.0;1397000000.0;342000000.0;163000000.0;192000000.0;214000000.0;253000000.0;233000000.0;218000000.0;0.0;36395000000.0;3152000000.0;29465000000.0;29465000000.0;2427000000.0;160000000.0;-545000000.0;-200000000.0;1066000000.0;393000000.0;178000000.0;-404000000.0;3935440203.809066;322000000.0;;1064000000.0;3000000.0;1179000000.0;251000000.0;928000000.0;1181000000.0;65000000.0;120000000.0;32000000.0;446000000.0;;5000000.0;7000000.0;-1000000.0;6000000.0;79000000.0;;10000000.0;0.0;42000000.0;190000000.0;160000000.0;0.0;-173595669.34590685;4000000.0;8326531.474468799;571000000.0;30409000000.0;675000000.0;1000000.0;5554159078.598396;;-3200000000.0;3126000000.0;-40000000.0;4000000.0;3090000000.0;-452897.34981348366;81000000.0;32000000.0;34000000.0;193000000.0;2620000000.0;0.0;592500000.0;914000000.0;42000000.0;1000000.0
2021-06-30;83000000.0;;1197000000.0;4337000000.0;31000000.0;31000000.0;18750000.0;36752000000.0;3665000000.0;1806000000.0;2230000000.0;1000000.0;1000000.0;329750000.0;109000000.0;105000000.0;2154000000.0;2871000000.0;949000000.0;398843798.27116406;;30276000000.0;301352181.7051582;497000000.0;105000000.0;;258000000.0;258000000.0;274000000.0;178000000.0;96000000.0;-693000000.0;967000000.0;822000000.0;145000000.0;69000000.0;1000000.0;1000000.0;88000000.0;59000000.0;57000000.0;172000000.0;127000000.0;10000000.0;10000000.0;10000000.0;10000000.0;5000000.0;113000000.0;-2000000.0;1000000.0;;69144675.03428546;77000000.0;-224000000.0;-93000000.0;6250000.0;-57500000.0;-33000000.0;-21250000.0;28750000.0;;33000000.0;401000000.0;368000000.0;207000000.0;236000000.0;363000000.0;149000000.0;13000000.0;1956000000.0;448000000.0;213000000.0;313000000.0;358000000.0;397000000.0;227000000.0;259000000.0;4000000.0;36752000000.0;3526000000.0;29327000000.0;29327000000.0;2463000000.0;162000000.0;-755750000.0;-194500000.0;1463250000.0;-329000000.0;198000000.0;-370000000.0;3854338589.313402;385000000.0;;146000000.0;8000000.0;1697000000.0;365000000.0;1332000000.0;1698000000.0;115000000.0;281000000.0;37000000.0;431000000.0;;5000000.0;8000000.0;-750000.0;4000000.0;85000000.0;;7500000.0;0.0;44750000.0;187000000.0;162750000.0;0.0;-123644155.27345718;3000000.0;8808072.921731682;-131000000.0;30288000000.0;613000000.0;2000000.0;4417641765.333347;;-3529000000.0;3388000000.0;-384000000.0;13000000.0;3017000000.0;-23257360.684108045;73000000.0;34750000.0;32000000.0;-106000000.0;2357000000.0;0.0;590750000.0;915000000.0;1000000.0;5000000.0
2021-09-30;73000000.0;;1787000000.0;4364000000.0;28000000.0;28000000.0;17500000.0;40179000000.0;4863000000.0;2203000000.0;2622000000.0;1000000.0;1000000.0;299500000.0;123000000.0;196000000.0;4868000000.0;5550000000.0;1047000000.0;310640058.64771795;;30528000000.0;301364947.7446531;2361000000.0;187000000.0;;257000000.0;259000000.0;337000000.0;266000000.0;71000000.0;-3800000000.0;4137000000.0;1979000000.0;2158000000.0;88000000.0;1000000.0;3000000.0;88000000.0;59000000.0;57000000.0;170000000.0;127000000.0;10000000.0;10000000.0;10000000.0;10000000.0;3000000.0;111000000.0;-2000000.0;-1000000.0;;55694438.387053855;77000000.0;-2776000000.0;-1860000000.0;9500000.0;-167000000.0;-30000000.0;-58500000.0;46500000.0;;34000000.0;398000000.0;364000000.0;203000000.0;360000000.0;471000000.0;147000000.0;32000000.0;2319000000.0;510000000.0;243000000.0;433000000.0;479000000.0;515000000.0;139000000.0;271000000.0;0.0;40179000000.0;5660000000.0;29481000000.0;29481000000.0;2470000000.0;161000000.0;-966500000.0;-189000000.0;1860500000.0;-1084000000.0;168000000.0;-426000000.0;4223372746.5051947;350000000.0;;-2350000000.0;17000000.0;2048000000.0;458000000.0;1590000000.0;2064000000.0;226000000.0;185000000.0;37000000.0;425000000.0;1000000.0;129000000.0;20000000.0;-500000.0;-24000000.0;127000000.0;;5000000.0;6000000.0;47500000.0;184000000.0;165500000.0;0.0;-3207849.2209546864;2000000.0;11667373.53581789;-916000000.0;30318000000.0;983000000.0;2000000.0;4351002857.856404;;-4698000000.0;4260000000.0;-1092000000.0;32000000.0;3200000000.0;-78225619.17948054;70000000.0;37500000.0;29000000.0;-1257000000.0;1213000000.0;0.0;589000000.0;924000000.0;4000000.0;15000000.0
2021-12-31;120000000.0;;1875000000.0;4304000000.0;33000000.0;28000000.0;16250000.0;40117000000.0;5284000000.0;2345000000.0;2764000000.0;;1000000.0;269250000.0;136000000.0;182500000.0;6102000000.0;6823500000.0;554500000.0;291820029.32385874;;29885000000.0;357043792.3187619;1905500000.0;153500000.0;;263500000.0;265000000.0;297500000.0;240500000.0;57000000.0;-5772000000.0;6069500000.0;1862500000.0;4207000000.0;67000000.0;1000000.0;3000000.0;88000000.0;59000000.0;57000000.0;168500000.0;122000000.0;10000000.0;10000000.0;10000000.0;10000000.0;6500000.0;109500000.0;500000.0;-1000000.0;;48351530.56512974;77000000.0;-1874000000.0;-1025500000.0;12750000.0;-276500000.0;-27000000.0;-95750000.0;64250000.0;;28500000.0;385000000.0;356500000.0;199000000.0;363500000.0;521000000.0;176000000.0;41500000.0;2248000000.0;402000000.0;230500000.0;338500000.0;468000000.0;514500000.0;294500000.0;249000000.0;15000000.0;40117000000.0;5132500000.0;29194000000.0;29194000000.0;2460500000.0;166000000.0;-1177250000.0;-183500000.0;2257750000.0;-974500000.0;126000000.0;-392500000.0;5278851400.44632;369500000.0;;-1481500000.0;24500000.0;1999000000.0;492500000.0;1506500000.0;2019500000.0;145500000.0;140500000.0;37000000.0;458000000.0;2666666.666666667;74500000.0;43000000.0;-250000.0;-9500000.0;133500000.0;;2500000.0;15500000.0;50250000.0;181000000.0;168250000.0;0.0;109755177.2516335;1000000.0;11284469.998062886;-848500000.0;30316000000.0;1222000000.0;3500000.0;5915123909.444357;;-5832500000.0;5958500000.0;-658000000.0;41500000.0;5342000000.0;-68750933.17434257;83000000.0;40250000.0;29000000.0;-2483500000.0;-23000000.0;0.0;781000000.0;956000000.0;28500000.0;17000000.0
2022-03-31;167000000.0;;1963000000.0;4244000000.0;38000000.0;28000000.0;15000000.0;40055000000.0;5705000000.0;2487000000.0;2906000000.0;;1000000.0;239000000.0;149000000.0;169000000.0;7336000000.0;8097000000.0;62000000.0;273000000.0;;29242000000.0;412722636.8928706;1450000000.0;120000000.0;;270000000.0;271000000.0;258000000.0;215000000.0;43000000.0;-7744000000.0;8002000000.0;1746000000.0;6256000000.0;46000000.0;1000000.0;3000000.0;46358005.50901216;59000000.0;57000000.0;167000000.0;117000000.0;10000000.0;10000000.0;10000000.0;10000000.0;10000000.0;108000000.0;3000000.0;-1000000.0;;41008622.74320569;77000000.0;-972000000.0;-191000000.0;16000000.0;-386000000.0;-24000000.0;-133000000.0;82000000.0;;23000000.0;372000000.0;349000000.0;195000000.0;367000000.0;571000000.0;205000000.0;51000000.0;2177000000.0;294000000.0;218000000.0;244000000.0;457000000.0;514000000.0;450000000.0;227000000.0;4000000.0;40055000000.0;4605000000.0;28907000000.0;28907000000.0;2451000000.0;171000000.0;-1388000000.0;-178000000.0;2655000000.0;-865000000.0;84000000.0;-359000000.0;7481433035.289072;389000000.0;;-613000000.0;32000000.0;1950000000.0;527000000.0;1423000000.0;1975000000.0;65000000.0;96000000.0;;491000000.0;4333333.333333334;20000000.0;66000000.0;0.0;5000000.0;140000000.0;;0.0;25000000.0;53000000.0;178000000.0;171000000.0;0.0;222718203.72422194;0.0;10901566.460307872;-781000000.0;30314000000.0;1461000000.0;5000000.0;419000000.0;;-6967000000.0;7657000000.0;-224000000.0;51000000.0;7484000000.0;-64285901.49122042;96000000.0;43000000.0;29000000.0;-3710000000.0;-1259000000.0;0.0;973000000.0;988000000.0;53000000.0;19000000.0
2022-06-30;141000000.0;;2599000000.0;4277000000.0;34000000.0;33612454.47857396;14250000.0;41313000000.0;6186000000.0;2631000000.0;2966000000.0;;1000000.0;201000000.0;159000000.0;202000000.0;5752000000.0;6530000000.0;2270000000.0;257000000.0;;28582000000.0;209621900.8152144;1276000000.0;141000000.0;;274000000.0;276000000.0;417000000.0;273000000.0;144000000.0;-8509000000.0;8926000000.0;1793000000.0;7133000000.0;76000000.0;1250000.0;;45415037.911861;58000000.0;56000000.0;163000000.0;117000000.0;10000000.0;10000000.0;10000000.0;10000000.0;6000000.0;105000000.0;-1000000.0;;;26139244.60512487;77000000.0;1094000000.0;181000000.0;-242000000.0;-608750000.0;-49500000.0;-190000000.0;60000000.0;;13000000.0;370000000.0;357000000.0;238000000.0;231000000.0;746000000.0;193000000.0;40000000.0;2519000000.0;458000000.0;251000000.0;318000000.0;538000000.0;605000000.0;349000000.0;298000000.0;371000000.0;41313000000.0;7556000000.0;26055000000.0;26055000000.0;2367000000.0;256000000.0;-1476000000.0;-315250000.0;2846500000.0;741000000.0;172000000.0;-383000000.0;8687519485.325588;419000000.0;;1477000000.0;34000000.0;2221000000.0;598000000.0;1623000000.0;2255000000.0;88000000.0;149000000.0;;716000000.0;6000000.0;14000000.0;85000000.0;-250000.0;-4000000.0;139000000.0;;1250000.0;540000000.0;53500000.0;311500000.0;193500000.0;0.0;193505954.41485965;5250000.0;10739339.77955783;913000000.0;30659000000.0;1883000000.0;3000000.0;335000000.0;;-6311000000.0;7882000000.0;85000000.0;40000000.0;8007000000.0;-66087244.74535555;77000000.0;44500000.0;33120619.74326761;-3562000000.0;-1195000000.0;0.0;433000000.0;1529000000.0;2000000.0;6000000.0
2022-09-30;405000000.0;;3108000000.0;4309000000.0;34000000.0;34240835.70532107;13500000.0;43642000000.0;7206000000.0;2504000000.0;3338000000.0;;1000000.0;163000000.0;553000000.0;284000000.0;11073000000.0;11868000000.0;1717000000.0;231000000.0;;27273000000.0;266798968.01286495;2100000000.0;211000000.0;;278000000.0;280000000.0;177000000.0;131000000.0;46000000.0;-13992000000.0;14169000000.0;3215000000.0;10954000000.0;109000000.0;1500000.0;;48243940.70331451;81000000.0;75000000.0;186000000.0;122000000.0;15000000.0;15000000.0;15000000.0;15000000.0;4000000.0;105000000.0;0.0;;;1331161.2508906247;77000000.0;-3396000000.0;-752000000.0;-500000000.0;-831500000.0;-75000000.0;-247000000.0;38000000.0;;22000000.0;376000000.0;354000000.0;281000000.0;345000000.0;1129000000.0;216000000.0;134000000.0;3158000000.0;763000000.0;341000000.0;474000000.0;651000000.0;736000000.0;193000000.0;407000000.0;534000000.0;43642000000.0;9375000000.0;25325000000.0;25325000000.0;1849000000.0;259000000.0;-1564000000.0;-452500000.0;3038000000.0;-2385000000.0;-259000000.0;-380000000.0;8816383116.509245;419000000.0;;-3016000000.0;122000000.0;2751000000.0;669000000.0;2082000000.0;2795000000.0;81000000.0;115000000.0;;514000000.0;4000000.0;50000000.0;161000000.0;-500000.0;-49000000.0;145000000.0;;2500000.0;75000000.0;54000000.0;445000000.0;216000000.0;0.0;436841780.6465344;10500000.0;11634024.175213173;-2644000000.0;30904000000.0;1834000000.0;4000000.0;834000000.0;;-8880000000.0;8904000000.0;-186000000.0;134000000.0;8852000000.0;-120587459.79599674;92000000.0;46000000.0;33966883.06715026;-6179000000.0;-4330000000.0;0.0;358000000.0;1609000000.0;7000000.0;12000000.0
2022-12-31;249000000.0;;2218000000.0;4318500000.0;38500000.0;34869216.932068184;12750000.0;41953500000.0;6127000000.0;2726000000.0;2487000000.0;;1000000.0;125000000.0;369000000.0;237500000.0;4767000000.0;5593500000.0;889000000.0;216000000.0;;25731500000.0;349900119.2020799;1067500000.0;159500000.0;;287000000.0;288500000.0;227500000.0;104500000.0;123000000.0;-9706500000.0;9934000000.0;2253500000.0;7680500000.0;83000000.0;1750000.0;;35278136.24248585;299500000.0;281000000.0;475500000.0;274500000.0;46000000.0;45000000.0;43000000.0;40500000.0;26500000.0;176000000.0;0.0;;;49036488.59936592;77000000.0;2177500000.0;282000000.0;-758000000.0;-1054250000.0;-100500000.0;-304000000.0;16000000.0;;23000000.0;348500000.0;325500000.0;324000000.0;309000000.0;797000000.0;225500000.0;145500000.0;3033000000.0;630000000.0;320500000.0;435000000.0;590000000.0;703000000.0;354500000.0;396000000.0;339500000.0;41953500000.0;6450500000.0;24626500000.0;24626500000.0;2693500000.0;260000000.0;-1652000000.0;-589750000.0;3229500000.0;1524500000.0;371000000.0;-310000000.0;9458257835.046715;431500000.0;;2487500000.0;128000000.0;2637000000.0;636500000.0;2000500000.0;2674000000.0;109000000.0;92500000.0;;559500000.0;7000000.0;45000000.0;165500000.0;-750000.0;-23500000.0;107500000.0;;3750000.0;262500000.0;54500000.0;578500000.0;238500000.0;0.0;17066171.187697172;15750000.0;11696990.480155522;1895500000.0;31325500000.0;1944000000.0;7000000.0;664500000.0;;-4243000000.0;8001500000.0;-66000000.0;145500000.0;8081000000.0;-83736575.99065812;99500000.0;47500000.0;34813146.391032904;-2138500000.0;-171000000.0;0.0;1779000000.0;2215000000.0;31000000.0;17500000.0
2023-03-31;93000000.0;;1328000000.0;4328000000.0;43000000.0;35497598.158815295;12000000.0;40265000000.0;5048000000.0;2948000000.0;3443000000.0;;1000000.0;87000000.0;185000000.0;191000000.0;-1539000000.0;-681000000.0;61000000.0;201000000.0;;24190000000.0;433001270.3912949;35000000.0;108000000.0;;296000000.0;297000000.0;278000000.0;78000000.0;200000000.0;-5421000000.0;5699000000.0;1292000000.0;4407000000.0;57000000.0;2000000.0;;22312331.78165719;518000000.0;487000000.0;765000000.0;427000000.0;77000000.0;75000000.0;71000000.0;66000000.0;49000000.0;247000000.0;0.0;;;110702394.37943734;77000000.0;7751000000.0;1316000000.0;-1016000000.0;-1277000000.0;-126000000.0;-361000000.0;-6000000.0;;24000000.0;321000000.0;297000000.0;367000000.0;273000000.0;465000000.0;235000000.0;157000000.0;2908000000.0;497000000.0;300000000.0;396000000.0;529000000.0;670000000.0;516000000.0;385000000.0;145000000.0;40265000000.0;3526000000.0;23928000000.0;23928000000.0;3538000000.0;261000000.0;-1740000000.0;-727000000.0;3421000000.0;5434000000.0;1001000000.0;-240000000.0;9906027424.855001;444000000.0;;7991000000.0;134000000.0;2523000000.0;604000000.0;1919000000.0;2553000000.0;137000000.0;70000000.0;;605000000.0;10000000.0;40000000.0;170000000.0;-1000000.0;2000000.0;70000000.0;;5000000.0;450000000.0;55000000.0;712000000.0;261000000.0;0.0;-402709438.2711402;21000000.0;11759956.785097864;6435000000.0;31747000000.0;929000000.0;10000000.0;495000000.0;;394000000.0;7099000000.0;54000000.0;157000000.0;7310000000.0;-46885692.185319506;107000000.0;49000000.0;35659409.71491556;1902000000.0;5440000000.0;0.0;3200000000.0;2821000000.0;55000000.0;23000000.0
2023-06-30;100000000.0;;1037000000.0;4363000000.0;36000000.0;34555026.31869463;11500000.0;41803000000.0;6540000000.0;4529000000.0;5169000000.0;;1000000.0;92500000.0;196000000.0;239000000.0;912000000.0;1794000000.0;1796000000.0;212000000.0;;25388000000.0;261874731.2153224;36000000.0;130000000.0;;295000000.0;297000000.0;375000000.0;93000000.0;282000000.0;-4580000000.0;4955000000.0;1215000000.0;3740000000.0;88000000.0;2000000.0;;21369364.184506;515000000.0;483000000.0;748000000.0;427000000.0;77000000.0;75000000.0;71000000.0;66000000.0;32000000.0;233000000.0;0.0;;;104967367.6766925;77000000.0;2070000000.0;363000000.0;-869500000.0;-1136250000.0;-105000000.0;-291000000.0;-6250000.0;;28000000.0;319000000.0;291000000.0;366250000.0;201000000.0;404000000.0;203000000.0;110000000.0;2835000000.0;524000000.0;324000000.0;421000000.0;554000000.0;674000000.0;338000000.0;374000000.0;140000000.0;41803000000.0;4913000000.0;23380000000.0;23380000000.0;3624000000.0;252000000.0;-1371000000.0;-711750000.0;2877250000.0;1369000000.0;338000000.0;-238000000.0;7644177278.302145;487000000.0;;2308000000.0;97000000.0;2461000000.0;598000000.0;1863000000.0;2487000000.0;141000000.0;129000000.0;;560000000.0;11000000.0;37000000.0;201000000.0;-1250000.0;0.0;58000000.0;;7000000.0;634750000.0;51250000.0;696500000.0;259000000.0;0.0;-550512247.8148723;9750000.0;10806063.735975875;1707000000.0;31821000000.0;929000000.0;10000000.0;640000000.0;;1666000000.0;4047000000.0;-53000000.0;-2000000.0;4102000000.0;-43934555.36471517;87000000.0;46750000.0;34839237.84867281;2868000000.0;6492000000.0;0.0;2800000000.0;3162000000.0;1000000.0;13000000.0
2023-09-30;126000000.0;;1433000000.0;4394000000.0;37000000.0;33612454.47857396;11000000.0;41719000000.0;5769000000.0;3861000000.0;4283000000.0;;1000000.0;98000000.0;218000000.0;345000000.0;556000000.0;1404000000.0;349000000.0;200000000.0;;23938000000.0;390713411.17083347;40000000.0;209000000.0;;296000000.0;298000000.0;715000000.0;95000000.0;620000000.0;-3158000000.0;3873000000.0;991000000.0;2882000000.0;118000000.0;2000000.0;;19954912.78877923;511000000.0;476000000.0;735000000.0;427000000.0;77000000.0;75000000.0;72000000.0;67000000.0;17000000.0;224000000.0;0.0;;;130303112.16382223;77000000.0;2531000000.0;440000000.0;-723000000.0;-995500000.0;-84000000.0;-221000000.0;-6500000.0;;33000000.0;316000000.0;283000000.0;365500000.0;260000000.0;400000000.0;209000000.0;101000000.0;2942000000.0;687000000.0;353000000.0;450000000.0;583000000.0;702000000.0;167000000.0;423000000.0;76000000.0;41719000000.0;3758000000.0;23389000000.0;23389000000.0;3763000000.0;251000000.0;-1002000000.0;-696500000.0;2333500000.0;1701000000.0;390000000.0;-224000000.0;7870731481.548864;445000000.0;;2755000000.0;96000000.0;2519000000.0;612000000.0;1907000000.0;2549000000.0;182000000.0;107000000.0;;611000000.0;3000000.0;38000000.0;222000000.0;-1500000.0;4000000.0;70000000.0;;9000000.0;819500000.0;47500000.0;681000000.0;257000000.0;0.0;-689549885.6243072;-1500000.0;10200130.028224058;2091000000.0;32053000000.0;929000000.0;10000000.0;422000000.0;;3271000000.0;4025000000.0;33000000.0;101000000.0;4159000000.0;-35349430.06841163;102000000.0;44500000.0;34019065.982430056;4144000000.0;7907000000.0;0.0;2500000000.0;3522000000.0;6000000.0;5000000.0
2023-12-31;181000000.0;;1780000000.0;4377000000.0;35500000.0;32669882.638453305;10500000.0;43076000000.0;6331000000.0;4066000000.0;4525000000.0;;1000000.0;103500000.0;250000000.0;294000000.0;1396000000.0;2251500000.0;300000000.0;191000000.0;;23888000000.0;387763475.0528643;26000000.0;179000000.0;;298000000.0;300000000.0;1004000000.0;141000000.0;863000000.0;-2124000000.0;3128000000.0;750000000.0;2378000000.0;266000000.0;;;18776203.29234028;504000000.0;467000000.0;719500000.0;391000000.0;75000000.0;76000000.0;73500000.0;69500000.0;17000000.0;215500000.0;0.0;;;140617763.29607308;77000000.0;1739500000.0;274500000.0;-576500000.0;-854750000.0;-63000000.0;-151000000.0;-6750000.0;;39000000.0;313500000.0;274500000.0;364750000.0;399000000.0;445000000.0;216000000.0;103000000.0;3217500000.0;809500000.0;320000000.0;445500000.0;560500000.0;686500000.0;167000000.0;495500000.0;76000000.0;43076000000.0;3888000000.0;23397000000.0;23397000000.0;3960000000.0;252000000.0;-633000000.0;-681250000.0;1789750000.0;1101500000.0;363500000.0;-215000000.0;8543896479.215355;448000000.0;;1954500000.0;97000000.0;2722000000.0;655000000.0;1971000000.0;2641000000.0;57000000.0;96000000.0;;759000000.0;6000000.0;43000000.0;410000000.0;-1750000.0;1500000.0;126000000.0;;11000000.0;1004250000.0;43750000.0;665500000.0;255000000.0;0.0;-805112933.5158873;-12750000.0;9548957.96648091;1465000000.0;32456000000.0;;-21964011.62349581;459000000.0;;4546000000.0;4070000000.0;31000000.0;105000000.0;4206000000.0;-26112755.0844422;101500000.0;42250000.0;34442553.00833385;5060000000.0;9020000000.0;0.0;1725000000.0;3864000000.0;23000000.0;6000000.0
2024-03-31;102000000.0;;1097000000.0;4371000000.0;34000000.0;31727310.79833264;10000000.0;42911000000.0;6109000000.0;4411000000.0;4838000000.0;;1000000.0;109000000.0;223000000.0;269000000.0;2236000000.0;3099000000.0;3633000000.0;204000000.0;;25238000000.0;65994440.53681939;27000000.0;125000000.0;;300000000.0;302000000.0;489000000.0;122000000.0;367000000.0;-2406000000.0;2895000000.0;536000000.0;2359000000.0;112000000.0;;;17597493.7959013;497000000.0;458000000.0;704000000.0;355000000.0;73000000.0;77000000.0;75000000.0;72000000.0;17000000.0;207000000.0;;;;103936771.11863357;77000000.0;948000000.0;109000000.0;-430000000.0;-714000000.0;-42000000.0;-81000000.0;-7000000.0;;45000000.0;311000000.0;266000000.0;364000000.0;259000000.0;363000000.0;223000000.0;105000000.0;3493000000.0;932000000.0;287000000.0;441000000.0;538000000.0;671000000.0;167000000.0;568000000.0;76000000.0;42911000000.0;6212000000.0;21401000000.0;21401000000.0;4044000000.0;253000000.0;-264000000.0;-666000000.0;1246000000.0;502000000.0;337000000.0;-206000000.0;8171921936.698305;451000000.0;;1154000000.0;98000000.0;2925000000.0;678000000.0;2247000000.0;2924000000.0;126000000.0;77000000.0;;779000000.0;9000000.0;41000000.0;402000000.0;-2000000.0;-1000000.0;53000000.0;;13000000.0;1189000000.0;40000000.0;650000000.0;253000000.0;0.0;-819620501.7822857;-24000000.0;8765755.252209112;839000000.0;32705000000.0;;-53928023.246992126;427000000.0;;4945000000.0;4115000000.0;29000000.0;109000000.0;4253000000.0;-17910894.310295068;101000000.0;40000000.0;33560115.94517714;4250000000.0;8294000000.0;0.0;950000000.0;5067000000.0;40000000.0;7000000.0
2024-06-30;124000000.0;;1706000000.0;4406000000.0;36000000.0;31727310.79833264;10000000.0;42278000000.0;4336000000.0;2442000000.0;2954000000.0;;1000000.0;109000000.0;298000000.0;268000000.0;784000000.0;1663000000.0;798000000.0;209000000.0;;23597000000.0;333248179.14076525;26000000.0;125000000.0;;303000000.0;304000000.0;1189000000.0;38000000.0;1151000000.0;-1767000000.0;2956000000.0;803000000.0;2153000000.0;152000000.0;;;16654526.198750108;547000000.0;506000000.0;687000000.0;355000000.0;73000000.0;77000000.0;75000000.0;72000000.0;56808459.99203382;140000000.0;;;;131374892.81996249;77188336.62116262;1372000000.0;210000000.0;-430000000.0;-714000000.0;-42000000.0;-81000000.0;-7000000.0;;52000000.0;309000000.0;257000000.0;364000000.0;362000000.0;387000000.0;223000000.0;79000000.0;3278000000.0;932000000.0;287000000.0;441000000.0;538000000.0;671000000.0;;441000000.0;-367372715.34539187;42278000000.0;4236000000.0;22590000000.0;22590000000.0;4128000000.0;198000000.0;-264000000.0;-666000000.0;1246000000.0;880000000.0;282000000.0;-216000000.0;7771092988.087074;463000000.0;;1588000000.0;67000000.0;2837000000.0;637000000.0;2200000000.0;2845000000.0;30000000.0;133000000.0;;841000000.0;13000000.0;43000000.0;419000000.0;-2000000.0;3000000.0;72000000.0;;13000000.0;1189000000.0;40000000.0;650000000.0;253000000.0;0.0;-833630277.8358133;-24000000.0;8787906.109833818;1162000000.0;33079000000.0;;-38351092.93158734;512000000.0;;5625000000.0;3147000000.0;29000000.0;20000000.0;3251000000.0;-28144057.05187116;99000000.0;40000000.0;33560115.94517714;4464000000.0;8592000000.0;0.0;4500000000.0;5568000000.0;1000000.0;12000000.0
