end;AccountsPayableCurrent;AccountsReceivableNetCurrent;AccrualForEnvironmentalLossContingencies;AccruedEnvironmentalLossContingenciesCurrent;AccruedEnvironmentalLossContingenciesNoncurrent;AccruedIncomeTaxesCurrent;AccruedLiabilitiesCurrent;AccumulatedDepreciationDepletionAndAmortizationPropertyPlantAndEquipment;AccumulatedOtherComprehensiveIncomeLossCumulativeChangesInNetGainLossFromCashFlowHedgesEffectNetOfTax;AccumulatedOtherComprehensiveIncomeLossNetOfTax;AdditionalPaidInCapital;AdditionalPaidInCapitalCommonStock;AssetRetirementObligationsNoncurrent;Assets;AssetsCurrent;BusinessCombinationAcquisitionRelatedCosts;CashAndCashEquivalentsAtCarryingValue;CashCashEquivalentsRestrictedCashAndRestrictedCashEquivalents;CashProvidedByUsedInOperatingActivitiesDiscontinuedOperations;CollateralAlreadyPostedAggregateFairValue;CommonStockValue;ComprehensiveIncomeNetOfTax;CostOfGoodsAndServicesSold;CostOfGoodsSoldExcludingDepreciationDepletionAndAmortization;CostOfRevenue;DebtInstrumentCarryingAmount;DebtInstrumentUnamortizedDiscountPremiumNet;DeferredCreditsAndOtherLiabilitiesNoncurrent;DeferredFinanceCostsNet;DeferredIncomeTaxExpenseBenefit;DeferredIncomeTaxLiabilitiesNet;DeferredTaxLiabilitiesNoncurrent;DepreciationDepletionAndAmortization;DerivativeInstrumentsNotDesignatedAsHedgingInstrumentsGainLossNet;DerivativeNetLiabilityPositionAggregateFairValue;DividendsCommonStockCash;DividendsPreferredStockCash;EquityMethodInvestments;ExplorationExpense;FinanceLeaseLiabilityCurrent;FinanceLeaseLiabilityNoncurrent;GainLossOnDerivativeInstrumentsNetPretax;GainLossOnSaleOfOilAndGasProperty;IncomeLossFromContinuingOperations;IncomeLossFromContinuingOperationsBeforeIncomeTaxesExtraordinaryItemsNoncontrollingInterest;IncomeLossFromContinuingOperationsBeforeIncomeTaxesMinorityInterestAndIncomeLossFromEquityMethodInvestments;IncomeLossFromContinuingOperationsIncludingPortionAttributableToNoncontrollingInterest;IncomeLossFromDiscontinuedOperationsNetOfTax;IncomeLossFromEquityMethodInvestments;IncomeTaxExpenseBenefit;InterestAndDebtExpense;InventoryFinishedGoods;InventoryGross;InventoryLIFOReserve;InventoryNet;InventoryRawMaterials;LiabilitiesAndStockholdersEquity;LiabilitiesCurrent;LongTermDebt;LongTermDebtAndCapitalLeaseObligationsIncludingCurrentMaturities;LongTermDebtCurrent;LongTermDebtNoncurrent;LongTermInvestments;MinorityInterest;NetCashProvidedByUsedInFinancingActivities;NetCashProvidedByUsedInInvestingActivities;NetCashProvidedByUsedInOperatingActivities;NetCashProvidedByUsedInOperatingActivitiesContinuingOperations;NetIncomeLoss;NetIncomeLossAttributableToNoncontrollingInterest;NetIncomeLossAvailableToCommonStockholdersBasic;NetIncomeLossAvailableToCommonStockholdersDiluted;NonoperatingIncomeExpense;NontradeReceivablesCurrent;OperatingExpenses;OperatingLeaseLiabilityCurrent;OperatingLeaseLiabilityNoncurrent;OperatingLeaseRightOfUseAsset;OtherAssetsCurrent;OtherComprehensiveIncomeDefinedBenefitPlansNetUnamortizedGainLossArisingDuringPeriodNetOfTax;OtherComprehensiveIncomeDefinedBenefitPlansNetUnamortizedGainLossArisingDuringPeriodTax;OtherComprehensiveIncomeForeignCurrencyTransactionAndTranslationGainLossArisingDuringPeriodNetOfTax;OtherComprehensiveIncomeLossCashFlowHedgeGainLossBeforeReclassificationAfterTax;OtherComprehensiveIncomeLossCashFlowHedgeGainLossBeforeReclassificationTax;OtherComprehensiveIncomeLossCashFlowHedgeGainLossReclassificationAfterTax;OtherComprehensiveIncomeLossNetOfTax;OtherComprehensiveIncomeLossNetOfTaxPortionAttributableToParent;OtherComprehensiveIncomeLossReclassificationAdjustmentFromAOCIOnDerivativesNetOfTax;OtherComprehensiveIncomeLossReclassificationAdjustmentFromAOCIOnDerivativesTax;OtherComprehensiveIncomeUnrealizedGainLossOnDerivativesArisingDuringPeriodNetOfTax;OtherComprehensiveIncomeUnrealizedGainLossOnDerivativesArisingDuringPeriodTax;OtherCostAndExpenseOperating;OtherInventorySupplies;OtherLiabilitiesNoncurrent;PaymentsForRepurchaseOfCommonStock;PaymentsOfDividendsCommonStock;PaymentsToAcquirePropertyPlantAndEquipment;PensionAndOtherPostretirementDefinedBenefitPlansLiabilitiesNoncurrent;PreferredStockValue;ProceedsFromIssuanceOfCommonStock;ProfitLoss;PropertyPlantAndEquipmentNet;RedeemablePreferredStockDividends;RepaymentsOfLongTermDebt;RestrictedCashAndCashEquivalents;RestrictedCashEquivalentsNoncurrent;ResultsOfOperationsExpenseFromOilAndGasProducingActivities;RetainedEarningsAccumulatedDeficit;RevenueFromContractWithCustomerExcludingAssessedTax;Revenues;SalesRevenueNet;SellingGeneralAndAdministrativeExpense;StockholdersEquity;StockholdersEquityIncludingPortionAttributableToNoncontrollingInterest;TaxesExcludingIncomeAndExciseTaxes;TreasuryStockValue;UndistributedEarningsLossAllocatedToParticipatingSecuritiesBasic
2008-06-30;5730333333.333333;5712903902.827948;;;;;;;-149000000.0;-180000000.0;16505000000.0;;3696603370.614891;;9651928025.841833;-3625294.5823631287;1506000000.0;1578780401.887269;-6000000.0;6912909.48072565;;2166890623.1065516;;;2610000000.0;;-682036446.5076942;;120482416.59753855;49000000.0;;2203171992.453987;786000000.0;;533110.2828369136;;;501893253.8581853;58000000.0;;-1515336164.2349205;;;;-3325463876.9480705;3943000000.0;2337000000.0;-3000000.0;65000000.0;1671000000.0;32000000.0;834639499.9085978;1422926621.2691555;-421897137.84896016;1345804998.0237515;-221087238.00410122;;9549777405.019884;;;;;1665457429.2871156;;-264000000.0;-1167000000.0;780000000.0;786000000.0;2297000000.0;37000000.0;2067212016.5063343;-302447182.75464225;;;380000000.0;;667937516.3352387;1041009838.6276809;2369448851.21667;;;-720095.6706193094;-526085.5023331437;-1757150.1370472568;;;;8640875.550205614;;;;;850761993.1951798;3363040164.7594223;9000000.0;260000000.0;1071000000.0;;9762000000.0;10000000.0;2334000000.0;-30441572020.531357;96771724.84466621;7000000.0;;17925596.401557148;;-8036245791.141327;4893075570.298969;4974720832.433571;7116000000.0;;52265925323.94928;47373575099.22778;171000000.0;10711316929.783249;3926966.0065593966
2008-09-30;2574000000.0;2776000000.0;;;;110000000.0;1700000000.0;17897000000.0;-149000000.0;-590000000.0;16505000000.0;7164000000.0;5100755211.0329;41835000000.0;6658000000.0;-355043465.9471205;1452000000.0;1365417748.425881;-6000000.0;-141208469.92982927;176000000.0;636000000.0;671268982.2294023;;2780000000.0;;-661245314.0650253;;243166795.0860858;49000000.0;;2714000000.0;786000000.0;24000000.0;14902596.374901298;;;359126439.07403946;61000000.0;;6442852510.01606;;;684000000.0;466421361.3325757;3799000000.0;2310000000.0;-1000000.0;57000000.0;1546000000.0;24000000.0;605356156.8562119;1143547810.402063;1496076003.4497778;1069000000.0;1040145660.5711831;41835000000.0;5411000000.0;;;;2567000000.0;1350000000.0;61000000.0;-264000000.0;-1167000000.0;780000000.0;786000000.0;2271000000.0;38000000.0;681000000.0;1201067521.0304236;;749000000.0;295000000.0;208020018.0289465;1212192024.72649;1800355866.0571494;1456981264.5104775;-2357356.9983401336;44934.479267691924;-720095.6706193096;37334925.62965988;-15054507.279752143;-3022200.772200772;-45999999.99999998;-46000000.0;19431368.71448848;181740.47078472728;-81000000.0;;;-324709405.2603991;3111000000.0;9000000.0;260000000.0;1071000000.0;;9762000000.0;10000000.0;2309000000.0;32909000000.0;88070674.94475295;7000000.0;;17960059.84914185;;25206000000.0;3730017830.32249;3516559066.0756474;7060000000.0;;144458312646.5528;27887000000.0;162000000.0;4130000000.0;3252144.58455646
2009-03-31;2574000000.0;2776000000.0;;;;110000000.0;1700000000.0;17897000000.0;-149000000.0;-590000000.0;16505000000.0;7164000000.0;5100755192.940431;41835000000.0;6658000000.0;-355043465.9471205;1126000000.0;1051052096.9987965;-6000000.0;-141208469.92982927;176000000.0;636000000.0;671268982.2294023;;2064000000.0;;-661245314.0650253;;243166795.0860858;49000000.0;;2714000000.0;786000000.0;24000000.0;14902586.91569269;;;359126439.07403946;58000000.0;;6442852510.01606;;;684000000.0;-2687514510.74568;579000000.0;380000000.0;-3000000.0;42000000.0;241000000.0;27000000.0;445641119.7170885;1111687830.3328207;1496076003.4497778;1069000000.0;1040145660.5711831;41835000000.0;5411000000.0;;;;2567000000.0;1350000000.0;61000000.0;-264000000.0;-1167000000.0;780000000.0;786000000.0;368000000.0;9000000.0;681000000.0;-1719164498.5053246;;749000000.0;270000000.0;208020018.0289465;1212192021.7253914;1800355861.5101943;1456980088.6122355;-2357356.998340126;44934.47926769171;-720095.6706193098;37334925.62965988;-15054505.399932817;-3022200.772200772;-45999999.999999985;-46000000.0;19431359.67825864;181740.4707847273;-81000000.0;;;-381605922.513366;3111000000.0;9000000.0;260000000.0;1071000000.0;;9762000000.0;10000000.0;377000000.0;32909000000.0;87593974.32844867;7000000.0;;17960059.84914183;;25206000000.0;3466897748.181206;3069333934.6597996;3073000000.0;;145385456467.62793;27887000000.0;105000000.0;4130000000.0;3264794.929676507
2009-06-30;2574000000.0;2776000000.0;;;;110000000.0;1700000000.0;17897000000.0;-218000000.0;-590000000.0;16505000000.0;7164000000.0;5100755537.535419;41835000000.0;6658000000.0;-355043465.9471205;1755000000.0;1657604228.1265147;-2500000.0;-90175715.4691346;176000000.0;636000000.0;671268982.2294023;;2059000000.0;;-657983387.0883675;;182390303.84831187;60250000.0;;2714000000.0;780250000.0;24000000.0;14891472.472018281;;;557425962.663311;54000000.0;;484797008.9562484;;;684000000.0;-2172917383.400176;1105000000.0;696000000.0;-2000000.0;46000000.0;455000000.0;32000000.0;584000000.0;1162000000.0;81000000.0;1069000000.0;63000000.0;41835000000.0;5411000000.0;;;;2567000000.0;1350000000.0;61000000.0;-320750000.0;-1142250000.0;1141750000.0;1144250000.0;682000000.0;12000000.0;681000000.0;-565008800.7011395;;749000000.0;362000000.0;208020018.0289465;1212192078.8852797;1800355948.1128998;1325701630.897985;-2357356.9983401336;44934.47926769175;-525514.7374211086;37334925.62965988;-14844640.48800424;-3022200.772200772;-45999999.99999995;-46000000.0;19420742.228982944;181740.4707847272;-81000000.0;;;515000000.0;3111000000.0;9500000.0;262250000.0;995250000.0;;9762000000.0;8000000.0;694000000.0;32909000000.0;94762631.40517595;62000000.0;;18156826.239508346;;25206000000.0;3051353176.750193;4423495107.24435;3687000000.0;;144199351341.3731;27887000000.0;110000000.0;4130000000.0;3821840.8865973847
2009-09-30;2999000000.0;3330000000.0;;;;79000000.0;1682000000.0;18537000000.0;-210000000.0;-565000000.0;16505000000.0;7132000000.0;5097036516.146157;42214000000.0;7000000000.0;-471213529.04348654;1608000000.0;1534274721.0909994;1000000.0;-77672624.07818928;177000000.0;952000000.0;681757673.6672051;;2130000000.0;;-655095731.7698259;;183566387.43046665;71500000.0;;2813000000.0;774500000.0;76000000.0;-627332.2782294927;;;571219278.129322;56000000.0;;479505127.6620661;;;929000000.0;-2257803673.0235834;1426000000.0;943000000.0;-2000000.0;66000000.0;549000000.0;40000000.0;584000000.0;1162000000.0;81000000.0;1132000000.0;63000000.0;42214000000.0;5106000000.0;;;;2556000000.0;1450000000.0;62000000.0;-377500000.0;-1117500000.0;1503500000.0;1502500000.0;927000000.0;14000000.0;926000000.0;124795155.01331043;;622000000.0;359000000.0;208483866.1120722;1213073699.9823258;1804778553.2601435;-1157993287.4189892;-4308504.936872622;54700.584883007934;-330933.8042229073;49850829.50285653;-15864340.341584928;-3156853.281853282;25000000.00000001;25000000.0;8218330.375365522;198304.736765615;-8000000.0;;;515000000.0;3079000000.0;10000000.0;264500000.0;919500000.0;;9762000000.0;6000000.0;941000000.0;32905000000.0;92882480.66850705;117000000.0;;18352972.23597821;;25864000000.0;2582579623.48414;5658318340.652866;4104000000.0;;29935000000.0;28520000000.0;105000000.0;4150000000.0;3552069.49622372
2009-12-31;3535000000.0;3973000000.0;378000000.0;84000000.0;294000000.0;151000000.0;1820000000.0;19441000000.0;-196500000.0;-556500000.0;16505000000.0;7135000000.0;5105542855.19558;43872500000.0;8044000000.0;-347000434.2266358;1750000000.0;1727449689.2198439;4500000.0;-64528867.30241576;177000000.0;1032000000.0;685353796.4458804;;2201500000.0;2500000000.0;4481654945.737616;;104411795.49264942;82750000.0;;3024500000.0;768750000.0;17000000.0;246000000.0;;;530248912.6444397;56000000.0;;-2671079492.7935433;;;1013000000.0;-2489197326.4870567;1614000000.0;1032000000.0;-17500000.0;65500000.0;647500000.0;38500000.0;584000000.0;1162000000.0;81000000.0;1099000000.0;63000000.0;43872500000.0;5773000000.0;;;;2533500000.0;1613000000.0;82000000.0;-434250000.0;-1092750000.0;1865250000.0;1860750000.0;995500000.0;19000000.0;994500000.0;812071835.3514085;;849500000.0;354000000.0;210696230.47424802;1214505328.3595784;1812805754.239589;30206903623.294647;-813338.3540683519;37206.18309179175;-136352.87102470628;36468387.30490101;-60788113.66652929;-2844111.969111969;36500000.00000002;36500000.0;240121316.9913663;159832.89319710148;7500000.0;;;515000000.0;3127500000.0;10500000.0;266750000.0;843750000.0;;9762000000.0;4000000.0;1014500000.0;33384500000.0;136582003.07667214;172000000.0;;27059025.985687494;;26596500000.0;2181546061.546065;7600131443.496975;4360000000.0;;29935000000.0;29278500000.0;113000000.0;4155500000.0;1699503.5259420308
2010-03-31;4071000000.0;4616000000.0;378000000.0;84000000.0;294000000.0;223000000.0;1958000000.0;20345000000.0;-183000000.0;-548000000.0;16505000000.0;7138000000.0;5089325515.35699;45531000000.0;9088000000.0;-222787339.40978515;1892000000.0;1920624657.348689;8000000.0;56000000.0;177000000.0;1112000000.0;688949919.2245557;;2273000000.0;2500000000.0;4397033075.834673;;104074680.93418269;94000000.0;;3236000000.0;763000000.0;-42000000.0;246000000.0;;;486037748.39198875;56000000.0;;-2528674582.195432;;;1097000000.0;-2720590979.95053;1802000000.0;1121000000.0;-33000000.0;65000000.0;746000000.0;37000000.0;661000000.0;1231500000.0;81000000.0;1066000000.0;60000000.0;45531000000.0;6440000000.0;;;;2511000000.0;1776000000.0;102000000.0;-491000000.0;-1068000000.0;2227000000.0;2219000000.0;1064000000.0;24000000.0;1063000000.0;1499348515.6895065;;1077000000.0;349000000.0;212908594.83642378;1210565298.1335936;1812694377.2913194;30639596706.089348;2681828.22873592;19711.78130057582;58228.06217349495;23085945.106945504;-56262919.16285282;-2531370.6563706566;48000000.0;48000000.0;236425179.87497237;121361.0496285879;23000000.0;;;510500000.0;3176000000.0;11000000.0;269000000.0;768000000.0;;9762000000.0;2000000.0;1088000000.0;33864000000.0;138900253.63106272;227000000.0;;27110115.91347277;;27329000000.0;1780512499.6079886;8975540376.314804;4616000000.0;;29935000000.0;30037000000.0;121000000.0;4161000000.0;1232111.7629963607
2010-06-30;3952000000.0;4335000000.0;378000000.0;84000000.0;294000000.0;72000000.0;1923000000.0;21205000000.0;-127000000.0;-483000000.0;16505000000.0;7193000000.0;5082223995.096923;46259000000.0;9189000000.0;-352582385.8792551;2301000000.0;2320469292.55484;6750000.0;56000000.0;177000000.0;1128000000.0;688093699.5153474;;2292000000.0;2500000000.0;4324419682.351671;;106065302.50683323;139500000.0;;3321000000.0;794750000.0;67000000.0;246000000.0;;;783601519.3301907;69000000.0;;-2507141854.7501993;;;1077000000.0;-2820370960.463064;1839000000.0;1089000000.0;-14000000.0;59000000.0;809000000.0;30000000.0;738000000.0;1301000000.0;81000000.0;1220000000.0;57000000.0;46259000000.0;6062000000.0;;;;2511000000.0;1786000000.0;114000000.0;-608000000.0;-1236250000.0;2225750000.0;2219000000.0;1063000000.0;12000000.0;1062000000.0;1480313807.0600133;;872000000.0;282000000.0;211595273.5049822;1219770797.873389;1818168056.8199272;30030374909.9026;-467662.5381866116;35475.967530023205;1204486.650468352;37069774.34427157;-60840783.975682735;-3187258.6872586873;65000000.000000015;65000000.0;240322113.31757277;202045.05489033175;37000000.0;;;506000000.0;3327000000.0;;279250000.0;907250000.0;;9762000000.0;2250000.0;1075000000.0;34514000000.0;150071068.3051855;551000000.0;;27861500.142719045;;28083000000.0;1808250146.466036;9014762809.424637;4603000000.0;;30798000000.0;30912000000.0;125000000.0;4172000000.0;-718513.3304461415
2010-09-30;3832000000.0;4367000000.0;368000000.0;82000000.0;286000000.0;203000000.0;2162000000.0;22046000000.0;-102000000.0;-443000000.0;16505000000.0;7182000000.0;5069969425.641948;47503000000.0;8922000000.0;-258522405.92863786;2107000000.0;2119008894.119433;5500000.0;56000000.0;177000000.0;1231000000.0;693487883.6833602;;2323000000.0;2500000000.0;4253630853.947403;;108179002.73419164;185000000.0;;3450000000.0;826500000.0;15000000.0;222000000.0;;;508159238.6304016;83000000.0;;-2485055369.5986524;;;1203000000.0;-2962303118.966852;1978000000.0;1225000000.0;-12000000.0;69000000.0;822000000.0;25000000.0;661000000.0;1208000000.0;81000000.0;1127000000.0;59000000.0;47503000000.0;6298000000.0;;;;2512000000.0;1777000000.0;136000000.0;-725000000.0;-1404500000.0;2224500000.0;2219000000.0;1191000000.0;22000000.0;1189000000.0;1500974844.2333093;;899000000.0;277000000.0;214856840.02880603;1210750515.2487206;1814452271.292766;27466669397.772152;-52851.55912852287;33399.70885590107;2350745.2387632094;26935961.58736385;-52702782.32510455;-2618243.243243243;40000000.00000002;40000000.0;214628352.2905579;132047.6728420637;7000000.0;14000000.0;;488000000.0;3279000000.0;;289500000.0;1046500000.0;;9762000000.0;2500000.0;1213000000.0;35974000000.0;147488264.5530293;875000000.0;;28615908.77687125;;28964000000.0;1733704248.7012346;8849114351.360735;4763000000.0;;31708000000.0;31844000000.0;110000000.0;4172000000.0;-2142060.613200738
2010-12-31;4454000000.0;5188000000.0;371000000.0;80000000.0;291000000.0;282000000.0;2509000000.0;21671000000.0;-112000000.0;-482500000.0;16505000000.0;7191500000.0;5035400360.469582;50784000000.0;9756500000.0;150732381.65149808;2103500000.0;2160590244.5642037;4250000.0;42500000.0;177000000.0;1391000000.0;697811793.2148627;;2424500000.0;3600000000.0;4242928476.8240566;;112848712.98273095;230500000.0;;3587000000.0;858250000.0;22000000.0;206000000.0;;;349155081.91804886;83500000.0;;-2428852123.2078342;;;1304000000.0;-3194207694.901476;2170000000.0;1315000000.0;66000000.0;83000000.0;938000000.0;120000000.0;636000000.0;1113000000.0;72000000.0;1109000000.0;63000000.0;50784000000.0;7844500000.0;;;;3130000000.0;1935000000.0;127333333.33333333;-842000000.0;-1572750000.0;2223250000.0;2219000000.0;1370000000.0;20333333.333333332;1367500000.0;1488764054.1082287;;948500000.0;359000000.0;217561323.69231373;1204303595.6864357;1811352279.4345813;27607272024.7435;707635.2358113062;29593.23462001003;3497003.8270580657;-17156237.766522195;-35519466.210873164;-2275096.5250965254;21000000.0;21000000.0;187075870.6185791;89835.5111488337;-9000000.0;14000000.0;;414000000.0;3355500000.0;;299750000.0;1185750000.0;;9762000000.0;2750000.0;1381000000.0;38286000000.0;152999460.43763888;1199000000.0;;29469916.904701054;;30003500000.0;1827559042.6841197;8955377277.036991;5244500000.0;;32484000000.0;32854666666.666668;130500000.0;4206500000.0;-2660746.0301177297
2011-03-31;5076000000.0;6009000000.0;374000000.0;78000000.0;296000000.0;361000000.0;2856000000.0;21296000000.0;-122000000.0;-522000000.0;16505000000.0;7201000000.0;5000831033.586957;54065000000.0;10591000000.0;559987169.2316339;2100000000.0;2202171595.008975;3000000.0;29000000.0;177000000.0;1551000000.0;702135702.7463651;;2526000000.0;4700000000.0;4232226099.700712;;113472139.16133304;276000000.0;;3724000000.0;890000000.0;29000000.0;190000000.0;;;255687078.06094933;84000000.0;;-2366747922.6149063;;;1405000000.0;-3426112270.8360987;2362000000.0;1405000000.0;144000000.0;97000000.0;1054000000.0;215000000.0;668000000.0;1163000000.0;72000000.0;1091000000.0;64000000.0;54065000000.0;9391000000.0;;;;3748000000.0;2093000000.0;118666666.66666667;-959000000.0;-1741000000.0;2222000000.0;2219000000.0;1549000000.0;18666666.666666668;1546000000.0;1476553263.9831486;;998000000.0;441000000.0;220265807.3558214;1197856633.3997397;1808252222.8448148;27747874651.71485;1468122.030751137;25786.760384118737;4643262.415352924;-61248437.12040822;-18336150.09664145;-1931949.8069498069;2000000.0000000242;2000000.0;159523388.9466003;47623.34945560334;-25000000.0;14000000.0;;431000000.0;3432000000.0;13000000.0;310000000.0;1325000000.0;;9762000000.0;3000000.0;1549000000.0;40598000000.0;158692722.76969025;1523000000.0;;30323925.032530904;;31043000000.0;1921413836.6670048;9061640202.713245;5726000000.0;;33658000000.0;33865333333.333332;151000000.0;4241000000.0;-3179431.447034739
2011-06-30;5030000000.0;5542000000.0;363000000.0;-78000000.0;-285000000.0;237000000.0;2230000000.0;22100000000.0;-66000000.0;-452000000.0;16505000000.0;7221000000.0;4996285622.482485;54595000000.0;9943000000.0;209357119.72020054;1994000000.0;2065045286.5237532;250000.0;35000000.0;177000000.0;1887000000.0;719859450.726979;;2720000000.0;4200000000.0;4196350757.1074677;;116106992.50906721;294500000.0;;4002000000.0;938750000.0;77000000.0;66000000.0;;;399860650.814909;62000000.0;;-2333202396.6119237;;;1819000000.0;-3574228984.9867277;2849000000.0;1819000000.0;-2000000.0;81000000.0;1111000000.0;27000000.0;772000000.0;1274000000.0;72000000.0;1202000000.0;69000000.0;54595000000.0;8093000000.0;;;;3749000000.0;2084000000.0;110000000.0;-812000000.0;-1909500000.0;2357750000.0;2357500000.0;1817000000.0;17000000.0;1814000000.0;1756076342.2820902;;813000000.0;388000000.0;222063729.48765662;1203932259.3242254;1819279993.2121334;10535103192.706211;-1374101.3442765102;40012.97722532783;4082869.327742104;-23472336.481649466;-5739461.656919431;-2470559.8455598457;70000000.00000003;70000000.0;51835018.49515395;113880.41337915458;21000000.0;-13000000.0;;433000000.0;3484000000.0;13500000.0;326000000.0;1596750000.0;;9762000000.0;6000000.0;1817000000.0;41795000000.0;152511814.07906172;1364600000.0;;31625235.975129664;;32485000000.0;1797600586.2322333;9351005124.123947;6173000000.0;;35160000000.0;34876000000.0;162000000.0;4271000000.0;-2141624.8016402097
2011-09-30;4595000000.0;4829000000.0;355000000.0;78000000.0;277000000.0;140000000.0;2174000000.0;22996000000.0;-17000000.0;-419000000.0;16505000000.0;7273000000.0;4960230352.446326;57244000000.0;11376000000.0;-240210914.36548132;4039000000.0;4114261965.2330585;-2500000.0;70000000.0;177000000.0;1804000000.0;717975767.3667204;;2879000000.0;5900000000.0;4038269250.827389;8904000000.0;119426680.96830891;313000000.0;;4494000000.0;987500000.0;20000000.0;75000000.0;;;817172876.163533;39000000.0;;-2148919885.423982;;;1775000000.0;-4281726507.5833063;2739000000.0;1775000000.0;-4000000.0;123000000.0;1087000000.0;25000000.0;794000000.0;1321000000.0;72000000.0;1249000000.0;68000000.0;57244000000.0;7004000000.0;;;;5870000000.0;2105000000.0;101333333.33333334;-665000000.0;-2078000000.0;2493500000.0;2496000000.0;1771000000.0;15333333.333333332;1767000000.0;2015497214.1928034;;849000000.0;242000000.0;221493200.79744223;888678605.2814771;1335693736.1807277;9578843968.26371;5000000.0;-3000000.0;4000000.0;24963122.26825972;-23531606.88501076;-2891891.891891892;33000000.000000022;33000000.0;73943228.7973999;165710.53596451326;24000000.0;-13000000.0;;459000000.0;3295000000.0;14000000.0;342000000.0;1868500000.0;;9762000000.0;9000000.0;1771000000.0;43025000000.0;150372368.4575078;1206200000.0;;32723977.590234175;;33882000000.0;1583915922.0819783;9808716987.215431;6006000000.0;;36479000000.0;35886666666.666664;152000000.0;4434000000.0;-2835994.9183428176
2011-12-31;5058500000.0;5270500000.0;349000000.0;78500000.0;270500000.0;194000000.0;2251000000.0;23869500000.0;-15000000.0;-453500000.0;16505000000.0;7293000000.0;4938820855.240137;59433000000.0;11681500000.0;-98105014.67534316;3899500000.0;3996198457.528384;-5250000.0;73000000.0;177000000.0;1679000000.0;713373586.4297254;;2914500000.0;5900000000.0;3969953607.7091904;8904000000.0;112867668.6932891;331500000.0;;4848500000.0;1036250000.0;36000000.0;48500000.0;;;810399115.5905828;68500000.0;;-2070307272.888355;;;1667500000.0;-4717495607.259997;2668000000.0;1667500000.0;-2500000.0;112500000.0;1113000000.0;27500000.0;798500000.0;1334500000.0;85000000.0;1249500000.0;69000000.0;59433000000.0;7551000000.0;;;;5871500000.0;2035000000.0;;-518000000.0;-2246500000.0;2629250000.0;2634500000.0;1665000000.0;7346097.224167705;1661500000.0;2272130989.802965;;916000000.0;338000000.0;222265315.78259206;890075096.0410682;1338794028.939652;7008649413.86207;5000000.0;-3000000.0;4000000.0;9652949.122700587;-13379532.444636822;-2657335.907335907;14000000.000000034;14000000.0;44295408.69749053;136856.65328812806;19000000.0;-10500000.0;;467000000.0;3498000000.0;14500000.0;358000000.0;2140250000.0;;9762000000.0;12000000.0;1687800000.0;44964000000.0;164137762.50753355;1047800000.0;;33971515.38700466;;35072000000.0;1460102671.6472068;10319158675.599314;6137000000.0;;37613000000.0;41249361885.10647;163000000.0;4475500000.0;-955529.3910572247
2012-03-31;5522000000.0;5712000000.0;343000000.0;79000000.0;264000000.0;248000000.0;2328000000.0;24743000000.0;-13000000.0;-488000000.0;16505000000.0;7313000000.0;4917411358.033947;61622000000.0;11987000000.0;44000885.0147953;3760000000.0;3878134949.8237095;-8000000.0;76000000.0;177000000.0;1554000000.0;708771405.4927301;;2950000000.0;5900000000.0;3901637964.591028;8904000000.0;106308656.41826929;350000000.0;;5203000000.0;1085000000.0;52000000.0;22000000.0;;;803625355.0176327;98000000.0;;-1991694660.3527381;;;1560000000.0;-5153264706.936688;2597000000.0;1560000000.0;-1000000.0;102000000.0;1139000000.0;30000000.0;803000000.0;1348000000.0;98000000.0;1250000000.0;70000000.0;61622000000.0;8098000000.0;;;;5873000000.0;1965000000.0;;-371000000.0;-2415000000.0;2765000000.0;2773000000.0;1559000000.0;5437990.640450746;1556000000.0;2528764765.413126;;874000000.0;434000000.0;223037430.7677419;891471586.8006593;1341894321.698577;4438454859.460432;5000000.0;-3000000.0;4000000.0;-5657224.022858579;-3227458.0042629614;-7.156015519242137e-10;-4999999.999999973;-5000000.0;14647588.597581137;0.0;14000000.0;-8000000.0;;475000000.0;3701000000.0;15000000.0;374000000.0;2412000000.0;;9762000000.0;15000000.0;1604600000.0;46903000000.0;177903156.55755857;889400000.0;;35219053.18377522;;36262000000.0;1336289421.2124348;10829600363.983194;6268000000.0;;38747000000.0;42308858436.73567;174000000.0;4517000000.0;924936.136228374
2012-06-30;5453000000.0;4959000000.0;336000000.0;79000000.0;257000000.0;148000000.0;2434000000.0;25805000000.0;-11000000.0;-490000000.0;16505000000.0;7371000000.0;4885950115.089796;64283000000.0;12133000000.0;35370145.510920584;4410000000.0;4512802986.151934;-8333333.333333333;73000000.0;177000000.0;1326000000.0;699010500.8077544;;3060000000.0;7600000000.0;3734750091.8057823;9226000000.0;107491014.09566186;324666666.6666667;;5644000000.0;1143000000.0;-88000000.0;32000000.0;;;1047224948.8443112;96000000.0;;-1859415223.574089;;;1332000000.0;-5992845021.950132;2106000000.0;1332000000.0;-4000000.0;101000000.0;875000000.0;28000000.0;998000000.0;1597000000.0;98000000.0;1499000000.0;65000000.0;64283000000.0;7887000000.0;;;;7620000000.0;1972000000.0;;-237000000.0;-2341666666.6666665;2747333333.3333335;2755666666.6666665;1328000000.0;6500395.324593097;1326000000.0;2486049229.5793886;;911000000.0;335000000.0;221024933.8926301;898879764.7791406;1343205852.697709;1713000000.0;8000000.0;5000000.0;-12000000.0;-4504483.081129906;748617.1027458655;-8.964691593214453e-10;-1999999.9999999772;-2000000.0;4000000.0;0.0;-2000000.0;0.0;;534000000.0;3582000000.0;12000000.0;397333333.3333333;2298000000.0;;9762000000.0;13333333.333333334;1521400000.0;49397000000.0;173619290.81342024;-95474378.8819876;;36926887.265804105;;37152000000.0;1337631458.1646836;10750964905.321112;5768000000.0;;39550000000.0;42627717035.992676;167000000.0;4660000000.0;3843160.0764610907
2012-09-30;5504000000.0;5354000000.0;329000000.0;79000000.0;250000000.0;48000000.0;2282000000.0;26934000000.0;-13000000.0;-481000000.0;16505000000.0;7398000000.0;4873013753.8947315;65625000000.0;11909000000.0;49952950.205890834;3760000000.0;3873932909.7278824;-8666666.666666666;59000000.0;178000000.0;1384000000.0;701022617.1243942;;3176000000.0;7600000000.0;3649030628.183813;9695000000.0;106315962.07817858;299333333.3333333;;6111000000.0;1201000000.0;78000000.0;25000000.0;;;1179208320.321753;69000000.0;;-1840430633.106422;;;1379000000.0;-6577586657.197221;2144000000.0;1379000000.0;-4000000.0;90000000.0;855000000.0;36000000.0;745000000.0;1395000000.0;98000000.0;1297000000.0;60000000.0;65625000000.0;7834000000.0;;;;7622000000.0;1982000000.0;;-103000000.0;-2268333333.3333335;2729666666.6666665;2738333333.3333335;1375000000.0;6116621.642730445;1372000000.0;2455403795.834655;;1150000000.0;394000000.0;220366477.85991004;919266370.9224546;1369658462.9041815;1713000000.0;11000000.0;6000000.0;-5500000.0;-4711870.775951445;1390292.4493425938;-1.0773367667186769e-09;9000000.000000004;9000000.0;4000000.0;0.0;-2000000.0;-1000000.0;;590000000.0;3584000000.0;9000000.0;420666666.6666667;2184000000.0;;9762000000.0;11666666.666666666;1438200000.0;50963000000.0;177598740.69565493;63593944.099378854;;38769266.36227366;;38089000000.0;1387520494.0772004;10715220761.453827;5965000000.0;;40474000000.0;43002230861.42934;172000000.0;4710000000.0;4175292.1150091514
2013-03-31;4889000000.0;4995000000.0;332000000.0;80000000.0;252000000.0;94000000.0;2203000000.0;29266000000.0;-17000000.0;-502000000.0;16505000000.0;7468000000.0;4872682783.665434;65824000000.0;10154000000.0;203013261.60131478;2140000000.0;2217201868.578305;-9000000.0;33000000.0;178000000.0;1355000000.0;700166397.4151858;;3137000000.0;7512500000.0;3452299269.20319;10074000000.0;103411022.61154953;274000000.0;;6310000000.0;1259000000.0;59000000.0;35000000.0;;;1175498482.3039982;50000000.0;;-1786530210.3956442;;;1359000000.0;-6815556134.646778;2107000000.0;1359000000.0;-4000000.0;96000000.0;844000000.0;34000000.0;690000000.0;1407000000.0;101000000.0;1306000000.0;74000000.0;65824000000.0;7786000000.0;;;;7024000000.0;1917000000.0;58000000.0;31000000.0;-2195000000.0;2712000000.0;2721000000.0;1355000000.0;7232057.359795779;1353000000.0;684019901.3408413;;1150000000.0;393000000.0;223355071.79026067;932522775.154378;1392550282.673499;1713000000.0;9000000.0;5000000.0;1000000.0;-6888600.548648212;8075053.482869095;-10000000.0;27500000.00000003;27500000.0;4000000.0;3000000.0;-6000000.0;-3000000.0;;643000000.0;3764000000.0;6000000.0;444000000.0;2070000000.0;;9762000000.0;10000000.0;1355000000.0;52981000000.0;190827997.09670192;217597712.5871722;;40427631.786206305;;38829000000.0;1488451845.128767;10786788305.200548;5872000000.0;;40882000000.0;40940000000.0;186000000.0;5091000000.0;4000000.0
2013-06-30;5274000000.0;5221000000.0;327000000.0;80000000.0;247000000.0;29000000.0;2331000000.0;30536000000.0;-9000000.0;-456000000.0;16505000000.0;7510000000.0;4857137717.398555;67422000000.0;10859000000.0;60455636.84633063;3069000000.0;3151027521.7532754;212333333.33333334;12000000.0;178000000.0;1368000000.0;698796445.8804523;;3180000000.0;7425000000.0;3357551495.149706;10312000000.0;105158934.0040934;224333333.33333334;;6658000000.0;1165000000.0;-75000000.0;25000000.0;;;1240481029.7687793;78000000.0;;-1995722940.350601;;;1327000000.0;-7191714564.74887;2142000000.0;1327000000.0;-5000000.0;86000000.0;901000000.0;30000000.0;725000000.0;1441000000.0;101000000.0;1340000000.0;75000000.0;67422000000.0;8234000000.0;;;;7026000000.0;1808000000.0;97000000.0;-441000000.0;-2254333333.3333335;2707000000.0;2494666666.6666665;1322000000.0;6634571.837928593;1319000000.0;571687442.1045835;;1150000000.0;495000000.0;223183112.75528076;937425257.7285775;1396004097.0218885;1229000000.0;9000000.0;6000000.0;1000000.0;-3265645.30161819;2701049.1605431447;-1.111701612124151e-09;46000000.00000003;46000000.0;-1000000.0;0.0;7000000.0;4000000.0;;641000000.0;3654000000.0;319333333.3333333;467333333.3333333;1978000000.0;;9762000000.0;11000000.0;1322000000.0;53949000000.0;180191638.00933284;217597712.5871722;;42255045.52645038;;39634000000.0;2335028369.3713493;10886992941.114183;5962000000.0;;41753000000.0;41850000000.0;196000000.0;5113000000.0;4000000.0
2013-09-30;5671000000.0;5653000000.0;334000000.0;80000000.0;254000000.0;83000000.0;2488000000.0;31844000000.0;-10000000.0;-448000000.0;16505000000.0;7508000000.0;4837694905.490722;69437000000.0;11938000000.0;9205781.41343692;3771000000.0;3886102636.642716;433666666.6666667;28000000.0;178000000.0;1591000000.0;709970113.085622;1691000000.0;3214000000.0;7337500000.0;10592181968.614265;10666000000.0;104751526.05757539;174666666.6666667;;7048000000.0;1071000000.0;56000000.0;19000000.0;;;1090350249.5099378;68000000.0;;-4386362500.161857;;525000000.0;1588000000.0;-7568046328.049605;2519000000.0;1588000000.0;-5000000.0;106000000.0;1037000000.0;29000000.0;708000000.0;1429000000.0;101000000.0;1328000000.0;74000000.0;69437000000.0;8842000000.0;;;;6961000000.0;1713000000.0;178000000.0;-913000000.0;-2313666666.6666665;2702000000.0;2268333333.3333335;1583000000.0;-6680672.171154827;1579000000.0;461044378.1872771;;1255608184.2912207;459000000.0;226403070.3062772;948909302.3968643;1421901670.0235744;1186000000.0;9000000.0;5000000.0;500000.0;3206410.6473872997;490098.6570734014;-5636501.414921203;8000000.000000032;8000000.0;1000000.0;0.0;1000000.0;0.0;;647000000.0;3618000000.0;632666666.6666666;345199021.66804653;1886000000.0;;9762000000.0;12000000.0;1583000000.0;55027000000.0;174641054.20245713;135478968.48136163;;43859836.65656811;;40700000000.0;3079564157.3910475;10867723469.345617;6449000000.0;;42790000000.0;42968000000.0;186000000.0;5148000000.0;4000000.0
2014-03-31;5423000000.0;5233000000.0;322000000.0;78000000.0;244000000.0;326000000.0;2346000000.0;33746000000.0;-10000000.0;-296000000.0;16505000000.0;7543000000.0;4839632234.887828;69275000000.0;10899000000.0;44786736.395549685;2332000000.0;2442484607.0494914;655000000.0;22000000.0;178000000.0;1397000000.0;690576736.6720517;1691000000.0;2620000000.0;7250000000.0;3103716020.582142;10839000000.0;97544753.90709914;125000000.0;;7398000000.0;977000000.0;12000000.0;8000000.0;;;776822829.7018896;24000000.0;;-2399061691.3687305;;525000000.0;1135000000.0;-8378247474.205981;1864000000.0;1137000000.0;255000000.0;67000000.0;794000000.0;22000000.0;688000000.0;1399000000.0;91000000.0;1308000000.0;81000000.0;69275000000.0;8190000000.0;;;;6877000000.0;1511000000.0;371000000.0;-1385000000.0;-2373000000.0;2697000000.0;2042000000.0;1390000000.0;2000000.0;1388000000.0;110442025.35630894;;1050884108.9424572;317000000.0;228358429.1390532;940246738.4957278;1413361316.9940681;1201000000.0;4000000.0;3000000.0;0.0;-1550241.3617697917;2073254.6643937835;-5636359.33078371;7000000.000000006;7000000.0;-8000000.0;-4000000.0;-5000000.0;-3000000.0;;630000000.0;3441000000.0;946000000.0;514000000.0;1794000000.0;;9762000000.0;13000000.0;1392000000.0;56044000000.0;157755757.72145203;-61000000.0;;45803222.93920914;;42652000000.0;-720601451.5642848;4930000000.0;4968000000.0;;42998000000.0;43369000000.0;151000000.0;7079000000.0;2000000.0
2014-06-30;6097000000.0;5826000000.0;324000000.0;78000000.0;246000000.0;440000000.0;2332000000.0;35001000000.0;-10000000.0;-291000000.0;16505000000.0;7564000000.0;4832460811.106406;70293000000.0;10786000000.0;129733872.89249283;2391000000.0;2493291433.1788526;490000000.0;23000000.0;178000000.0;1436000000.0;691561389.3376414;1691000000.0;3297000000.0;;-287326618.31252193;10777000000.0;145588727.05564314;78000000.0;;7313000000.0;1024000000.0;72000000.0;6000000.0;;;667701832.3789972;39000000.0;;459489952.66453296;;525000000.0;1158000000.0;-8290423538.035844;1887000000.0;1161000000.0;273000000.0;83000000.0;809000000.0;20000000.0;693000000.0;1414000000.0;91000000.0;1323000000.0;78000000.0;70293000000.0;8869000000.0;6800000000.0;;;6835000000.0;1547000000.0;523000000.0;-1036500000.0;-2331250000.0;2163000000.0;1673000000.0;1431000000.0;3000000.0;1428000000.0;45805434.256590605;;1096807448.1208198;429000000.0;231444528.42463452;932317919.9494245;1408467032.6868768;1246000000.0;5000000.0;3000000.0;-500000.0;-3567723.1765093133;5638750.137312203;-5636501.414921204;5000000.000000013;5000000.0;-6833333.333333333;0.0;-3833333.333333333;0.0;;643000000.0;3464000000.0;761250000.0;524750000.0;1764250000.0;;9762000000.0;14500000.0;1434000000.0;57134000000.0;160080172.65021807;34125000.0;;41096492.55895486;;43519000000.0;907665456.8865156;4930000000.0;5133000000.0;;43289000000.0;43812000000.0;144000000.0;7681000000.0;3000000.0
2014-09-30;5511000000.0;4960000000.0;330000000.0;78000000.0;252000000.0;74000000.0;2337000000.0;36306000000.0;16377393.419670105;-289000000.0;16505000000.0;7570000000.0;4815323913.57747;71510000000.0;10507000000.0;227662964.80725524;2897000000.0;2966202836.971852;325000000.0;24000000.0;178000000.0;1210000000.0;684583198.707593;1736000000.0;3385000000.0;;-272496687.3543606;11067000000.0;139437560.0093722;31000000.0;;7634000000.0;1056000000.0;-72000000.0;6000000.0;;;1221000000.0;28000000.0;;-1918704357.0051985;;-5000000.0;995000000.0;-8700341623.941856;1604000000.0;998000000.0;213000000.0;93000000.0;699000000.0;16000000.0;713000000.0;1450000000.0;91000000.0;1359000000.0;80000000.0;71510000000.0;9521000000.0;6800000000.0;;700000000.0;6837000000.0;1544000000.0;606000000.0;-688000000.0;-2289500000.0;1629000000.0;1304000000.0;1208000000.0;3000000.0;1205000000.0;-137973549.8531295;;1064136690.6514099;355000000.0;223151812.40029624;954739230.8622477;1418370677.2315588;1291000000.0;3000000.0;2000000.0;-1000000.0;-5226519.564035237;9772664.881483894;130575.32235338754;2000000.00000002;2000000.0;-5666666.666666666;0.0;-2666666.6666666665;0.0;;657000000.0;3433000000.0;576500000.0;535500000.0;1734500000.0;;9762000000.0;16000000.0;1211000000.0;58465000000.0;162687299.90731412;129250000.0;3265000000.0;42035347.43554649;;44166000000.0;2534676181.051056;4930000000.0;4904000000.0;;43479000000.0;44085000000.0;135000000.0;8146000000.0;3000000.0
2014-12-31;4689000000.0;4014000000.0;327000000.0;78500000.0;248500000.0;135000000.0;2244500000.0;36088000000.0;91826719.09568787;-247500000.0;16505000000.0;7601000000.0;4912873404.411092;62449500000.0;10470500000.0;48168267.918751806;2525000000.0;2605512502.8162546;160000000.0;3000000.0;178000000.0;571500000.0;658682552.5040388;1646500000.0;2985500000.0;;-256785830.71456432;8619000000.0;138196080.55578542;-16000000.0;;5290500000.0;1042500000.0;-72000000.0;4000000.0;;;1221000000.0;18000000.0;;-1903693396.3866835;;-14500000.0;390000000.0;-5875670811.970926;667000000.0;391500000.0;105000000.0;64500000.0;340000000.0;23000000.0;623000000.0;1336500000.0;90500000.0;1246000000.0;76500000.0;62449500000.0;8218000000.0;6800000000.0;;700000000.0;6488000000.0;1654500000.0;559384615.3846154;-339500000.0;-2247750000.0;1095000000.0;935000000.0;495000000.0;2812500.0;493500000.0;176000000.0;;586321086.7860556;333000000.0;220148509.74426398;847446100.7534989;1246881563.1722863;1053000000.0;2500000.0;500000.0;-1000000.0;-939134.6487515643;2490375.3673161725;233947.45254982024;76499999.99999999;76500000.0;-4500000.0;0.0;-1500000.0;0.0;;637000000.0;3328500000.0;391750000.0;546250000.0;1704750000.0;;9762000000.0;17500000.0;496500000.0;49287000000.0;148557772.29547584;224375000.0;3265000000.0;42975662.537363455;;39730000000.0;3465537095.777607;4013000000.0;3996500000.0;;42104625000.0;39124500000.0;121000000.0;8440000000.0;2909090.909090909
2015-03-31;3867000000.0;3068000000.0;324000000.0;79000000.0;245000000.0;196000000.0;2152000000.0;35870000000.0;94127909.37602592;-206000000.0;16505000000.0;7632000000.0;5031639203.747594;53389000000.0;10434000000.0;-131326428.96975195;2153000000.0;2244822168.6606574;-5000000.0;0.0;178000000.0;-67000000.0;632781906.3004848;1557000000.0;2586000000.0;6900000000.0;2959619741.210329;6171000000.0;83209045.17781515;-63000000.0;;2947000000.0;1029000000.0;-72000000.0;1000000.0;;;1221000000.0;8000000.0;;-1936918873.0413744;;-24000000.0;-215000000.0;-3051000000.0;-270000000.0;-215000000.0;-3000000.0;36000000.0;-19000000.0;30000000.0;533000000.0;1223000000.0;90000000.0;1133000000.0;73000000.0;53389000000.0;6915000000.0;7550000000.0;;700000000.0;6139000000.0;1765000000.0;512769230.7692308;9000000.0;-2206000000.0;561000000.0;566000000.0;-218000000.0;2625000.0;-218000000.0;176000000.0;;108505482.92070127;311000000.0;217145207.08823168;740928052.9795567;1076566773.1808944;815000000.0;2000000.0;-1000000.0;-1000000.0;3348250.266532112;-4791914.146851479;337319.58274625;150999999.99999988;151000000.0;-3333333.333333333;0.0;-333333.333333333;0.0;;617000000.0;3224000000.0;207000000.0;557000000.0;1675000000.0;;9762000000.0;19000000.0;-218000000.0;40109000000.0;134418997.95268977;319500000.0;3265000000.0;49221459.42855319;;35294000000.0;4396398010.504154;3096000000.0;3089000000.0;;40730250000.0;34164000000.0;107000000.0;8734000000.0;2818181.8181818184
2015-06-30;4145000000.0;3973000000.0;316000000.0;79000000.0;237000000.0;110500000.0;2230000000.0;36897000000.0;-6900504.477939606;-316000000.0;16505000000.0;7651000000.0;5018942830.293673;54369000000.0;11008000000.0;-107480153.2533654;2756000000.0;2857224897.9399123;133750000.0;0.0;178000000.0;66000000.0;649692245.5573506;1480000000.0;2586000000.0;8300000000.0;2792986551.2463512;6362000000.0;78618191.91579506;-28000000.0;;3153000000.0;1116000000.0;-64609973.89840457;0.0;;;1330000000.0;10000000.0;;-1381591200.0936716;;19000000.0;180000000.0;-3051000000.0;446000000.0;180000000.0;-4000000.0;58000000.0;324000000.0;8000000.0;497000000.0;1209000000.0;89000000.0;1120000000.0;74000000.0;54369000000.0;7825000000.0;8300000000.0;;1450000000.0;6880000000.0;1762000000.0;466153846.15384614;-12500000.0;-1813750000.0;593000000.0;459250000.0;176000000.0;2437500.0;176000000.0;176000000.0;;146566700.9489138;347000000.0;219493429.19583973;749319302.1485447;1092875060.1727087;777000000.0;2000000.0;-1000000.0;-1000000.0;1649552.1709155217;-3761109.0181699786;-130752.9275252478;-109999999.99999991;-110000000.0;-5033589.931726726;5000000.0;;-500000.0;;638000000.0;3209000000.0;157000000.0;561250000.0;1417750000.0;;9762000000.0;17000000.0;176000000.0;40478000000.0;137869454.8940831;341939004.3576453;2382000000.0;49306704.38324183;;34896000000.0;5052089854.813219;3514000000.0;3469000000.0;;39355875000.0;33302000000.0;107000000.0;9107000000.0;2727272.7272727275
2015-09-30;3727000000.0;3507000000.0;315000000.0;79000000.0;236000000.0;25000000.0;2202000000.0;36612000000.0;-98516723.0482049;-559000000.0;16505000000.0;7664000000.0;5063512091.175409;50089000000.0;10540000000.0;-74420934.17452905;2547000000.0;2630471488.1985116;272500000.0;0.0;178000000.0;-2852000000.0;530420840.06462055;1413000000.0;2586000000.0;8300000000.0;2824489835.3299084;5892000000.0;67249578.37360138;7000000.0;;2579000000.0;1123000000.0;-47020705.84109652;0.0;;;1428000000.0;5000000.0;;-1012589911.776164;;99000000.0;-2606000000.0;-3051000000.0;-3111000000.0;-2606000000.0;-3000000.0;60000000.0;-445000000.0;48000000.0;541000000.0;1211000000.0;89000000.0;1122000000.0;69000000.0;50089000000.0;7433000000.0;8300000000.0;;1450000000.0;6882000000.0;1614000000.0;419538461.53846157;-34000000.0;-1421500000.0;625000000.0;352500000.0;-2609000000.0;2250000.0;-2609000000.0;-2609000000.0;;-5370083.208554745;292000000.0;194360331.31469616;736048549.9603951;1009760633.8651223;890000000.0;1000000.0;-1000000.0;-1000000.0;266847.51094542444;-2490429.8040861627;-1001077.4713759648;-242999999.99999973;-243000000.0;-1000000.0;0.0;2000000.0;-1000000.0;;601000000.0;3313000000.0;107000000.0;565500000.0;1160500000.0;;9762000000.0;15000000.0;-2609000000.0;36835000000.0;143573494.84737015;413255501.4597721;1765000000.0;49720380.990549475;;31712000000.0;5198728007.657555;3246000000.0;3116000000.0;;37981500000.0;29882000000.0;79000000.0;9113000000.0;2636363.6363636362
2015-12-31;3264000000.0;3143500000.0;349500000.0;74500000.0;275000000.0;23076923.076923076;2113500000.0;38375000000.0;-244824643.1573571;-431500000.0;16505000000.0;7666000000.0;5104265796.378981;46053500000.0;9388500000.0;50236164.37464504;2861500000.0;2871713590.040014;411250000.0;0.0;178000000.0;-1385500000.0;546385770.0592356;1347000000.0;2728420138.1300383;10714437500.0;2534902288.9543514;5843500000.0;86067613.0732454;42000000.0;;2110500000.0;1112500000.0;-42733321.75212766;0.0;;;1364500000.0;7000000.0;;-992579649.0732405;;118500000.0;-2233083333.3333335;-1807000000.0;-1853500000.0;-1483000000.0;217500000.0;46500000.0;-324000000.0;54000000.0;503500000.0;1129000000.0;69500000.0;1059500000.0;73000000.0;46053500000.0;7129500000.0;8300000000.0;;1725000000.0;6245000000.0;1457500000.0;;-55500000.0;-1029250000.0;657000000.0;245750000.0;-1265500000.0;6181772.158420384;-1265500000.0;-1265500000.0;;49328660.94682336;282000000.0;197586820.14388302;746773503.9999446;1033720686.5639379;1087000000.0;3000000.0;1000000.0;0.0;-5722307.528300546;2615509.167981272;-1213191.3281314736;-119999999.99999993;-120000000.0;-4000000.0;-2000000.0;-4000000.0;-3500000.0;;552500000.0;3733000000.0;57000000.0;569750000.0;903250000.0;;9762000000.0;13000000.0;-1265500000.0;34170000000.0;169462367.79038495;475960551.76644135;1696086956.521739;49601816.41109216;;28543500000.0;5161755082.268213;2763500000.0;2619500000.0;;49635855860.01162;26835500000.0;77000000.0;9120500000.0;2034953.7274522972
2016-03-31;2801000000.0;2780000000.0;384000000.0;70000000.0;314000000.0;21153846.153846152;2025000000.0;40138000000.0;-391132563.26650965;-304000000.0;16505000000.0;7668000000.0;5145285468.967777;42018000000.0;8237000000.0;174893262.923819;3176000000.0;3112955691.8815155;550000000.0;0.0;178000000.0;81000000.0;562350700.0538505;1281000000.0;2871137615.7374115;13128875000.0;2245314742.5788193;5795000000.0;104885647.77288944;77000000.0;;1642000000.0;1102000000.0;-38445937.66315882;0.0;;;1301000000.0;9000000.0;;-972569386.3703172;;138000000.0;-1860166666.6666665;-563000000.0;-596000000.0;-360000000.0;438000000.0;33000000.0;-203000000.0;60000000.0;466000000.0;1047000000.0;50000000.0;997000000.0;77000000.0;42018000000.0;6826000000.0;7600000000.0;;2000000000.0;5608000000.0;1301000000.0;;-77000000.0;-637000000.0;689000000.0;139000000.0;78000000.0;6696361.057498097;78000000.0;78000000.0;;104027405.10220122;272000000.0;200813308.97306994;757508174.4622116;1057695460.5749815;1284000000.0;5000000.0;3000000.0;1000000.0;-11711462.567546522;7721448.140048763;-1425305.1848869824;2999999.999999194;3000000.0;-7000000.0;-4000000.0;-10000000.0;-6000000.0;;504000000.0;4153000000.0;7000000.0;574000000.0;646000000.0;;9762000000.0;11000000.0;78000000.0;31505000000.0;195351124.81649274;700000000.0;1627173913.0434783;49483251.831634924;;25375000000.0;5124782156.87887;2281000000.0;2123000000.0;;50786398254.04403;23789000000.0;75000000.0;9128000000.0;931759.4887987269
2016-06-30;3126000000.0;3113000000.0;379000000.0;70000000.0;309000000.0;19230769.230769232;2141000000.0;41212000000.0;-411077498.69663537;-299000000.0;16505000000.0;7697000000.0;5133807199.840298;42395000000.0;8972000000.0;-60372964.90017998;3751000000.0;3707031132.099608;504166666.6666667;1258558.2898231447;178000000.0;-134000000.0;578315630.0484655;1244000000.0;2644866813.7337027;15543312500.0;2020189119.7827702;5696000000.0;109448514.60436417;30750000.0;;1646000000.0;1070000000.0;-47020705.84109652;-3947524.728217706;;;1360000000.0;27000000.0;;-862273480.6790754;;99000000.0;-1487250000.0;-232000000.0;-283000000.0;-136000000.0;-3000000.0;51000000.0;-96000000.0;88000000.0;381000000.0;956000000.0;50000000.0;906000000.0;73000000.0;42395000000.0;5267000000.0;8300000000.0;;1625000000.0;8331000000.0;1360000000.0;;-200750000.0;-645750000.0;643000000.0;267250000.0;-139000000.0;6794081.896805793;-139000000.0;-139000000.0;;383531682.0356977;338000000.0;204915056.3283635;747538992.2977386;1050542062.2371418;1202000000.0;7000000.0;-4000000.0;1000000.0;-2927333.334038634;-2257118.6636650274;-1001077.4713759643;4999999.999999572;5000000.0;-1000000.0;0.0;-3000000.0;1000000.0;;502000000.0;4050000000.0;6125000.0;576500000.0;665000000.0;;9762000000.0;11250000.0;-139000000.0;31038000000.0;186825652.66048485;675000000.0;1558260869.5652175;49322704.44622182;;24661000000.0;4950095659.699314;2558000000.0;2531000000.0;;33619510498.631226;23101000000.0;74000000.0;9136000000.0;1576854.4946580303
2016-09-30;3392000000.0;3521000000.0;420000000.0;78000000.0;342000000.0;17307692.307692308;2296000000.0;42076000000.0;-476961090.6146691;-294000000.0;16505000000.0;7719000000.0;5139724099.654254;41630000000.0;8711000000.0;-26882552.609640837;3180000000.0;3142348413.5667715;458333333.3333333;1222563.868424356;178000000.0;-236000000.0;594280560.0430803;1338000000.0;2657090569.2877893;17957750000.0;1815229742.5937843;5313000000.0;115733205.12488635;-15500000.0;;1411000000.0;1046000000.0;-55595474.01903419;-5042373.850922614;;;1420000000.0;9000000.0;;-751799006.4174905;;60000000.0;-1114333333.3333333;-268000000.0;-326000000.0;-238000000.0;-3000000.0;58000000.0;-30000000.0;68000000.0;397000000.0;977000000.0;50000000.0;927000000.0;77000000.0;41630000000.0;5688000000.0;8300000000.0;;1250000000.0;8333000000.0;1420000000.0;;-324500000.0;-654500000.0;597000000.0;395500000.0;-241000000.0;7074439.94607991;-241000000.0;-241000000.0;;80182028.62812304;338000000.0;208789884.80651832;725142429.6490856;1024497729.594163;1083000000.0;4000000.0;-2000000.0;1000000.0;-1953265.9821766913;-614585.5483377711;-576707.6737274582;4999999.999999764;5000000.0;0.0;0.0;1000000.0;-1000000.0;;503000000.0;3902000000.0;5250000.0;579000000.0;684000000.0;;9762000000.0;11500000.0;-241000000.0;30419000000.0;176193901.9896957;650000000.0;1489347826.0869565;49195584.69397762;;23836000000.0;4703829261.970041;2733000000.0;2648000000.0;;27451946675.942825;22296000000.0;61000000.0;9143000000.0;1511476.3058945506
2016-12-31;3731500000.0;3918500000.0;643500000.0;104500000.0;539000000.0;;2225500000.0;39841500000.0;-335100713.1138675;-273500000.0;16505000000.0;7751000000.0;5121692789.735209;42047500000.0;8474500000.0;70680761.01872298;2233000000.0;2216404324.465736;412500000.0;9773047.061962187;178500000.0;-53000000.0;591290277.5553522;1382000000.0;2733428319.447751;;-207855430.99263668;5262500000.0;155906055.61771598;-61750000.0;;1221000000.0;994000000.0;-22469019.177770644;-2852481.4079205096;;;1428000000.0;10000000.0;;402374434.7823043;;210666666.66666666;;-36500000.0;-80500000.0;-60500000.0;-2625000.0;44000000.0;24000000.0;74500000.0;461500000.0;1010500000.0;44500000.0;966000000.0;71500000.0;42047500000.0;6270000000.0;9800000000.0;;875000000.0;8827500000.0;1420000000.0;;-448250000.0;-663250000.0;551000000.0;523750000.0;-62000000.0;10837118.05193469;-62000000.0;-62000000.0;;254959252.64274168;338000000.0;233188386.40536875;-816261764.4316506;-1250381724.0597813;1172000000.0;6500000.0;-3500000.0;1000000.0;-3686466.5979301073;3429786.9814371257;-2216135.627202797;4833333.333333314;4833333.333333333;1000000.0;-500000.0;3000000.0;-2000000.0;;477500000.0;4041500000.0;4375000.0;581500000.0;703000000.0;;9762000000.0;11750000.0;-62000000.0;31212000000.0;188974306.50107652;625000000.0;;46054733.81095417;;23174500000.0;4400070550.12783;2845000000.0;2802500000.0;;48561341731.70369;21687500000.0;64500000.0;9143000000.0;1245510.823869825
2017-03-31;4071000000.0;4316000000.0;867000000.0;131000000.0;736000000.0;;2155000000.0;37607000000.0;-399862448.48886055;-253000000.0;16505000000.0;7783000000.0;5115655735.994933;42465000000.0;8238000000.0;168244074.6470868;1494000000.0;1491037092.7169497;366666666.6666666;18323530.25550002;179000000.0;130000000.0;606539386.9314919;1426000000.0;2811303115.4429617;;-202940643.0062647;5212000000.0;160530572.59757048;-108000000.0;;1031000000.0;942000000.0;10657435.663492903;-2129345.5822877437;;;1436000000.0;11000000.0;;402353021.98624265;;361333333.3333333;;195000000.0;165000000.0;117000000.0;-2250000.0;30000000.0;78000000.0;81000000.0;526000000.0;1044000000.0;39000000.0;1005000000.0;66000000.0;42465000000.0;6852000000.0;9800000000.0;;500000000.0;9322000000.0;1420000000.0;;-572000000.0;-672000000.0;505000000.0;652000000.0;117000000.0;10883765.943746716;117000000.0;117000000.0;;429736476.6572833;;234199464.08327726;-845792328.4128075;-1294879778.2359953;1261000000.0;9000000.0;-5000000.0;1000000.0;-5419667.213683527;7474159.511211892;-3855563.5806781366;4666666.666666647;4666666.666666667;2000000.0;-1000000.0;5000000.0;-3000000.0;;452000000.0;4181000000.0;3500000.0;584000000.0;722000000.0;;9762000000.0;12000000.0;117000000.0;32005000000.0;201603706.22256342;600000000.0;;46275502.14565569;;22513000000.0;4096311838.285616;2957000000.0;2957000000.0;;50858357574.950874;21079000000.0;68000000.0;9143000000.0;939556.7004802409
2017-06-30;3825000000.0;3913000000.0;873000000.0;131000000.0;742000000.0;;2050000000.0;37330000000.0;-373878507.86713004;-252000000.0;16505000000.0;7824000000.0;5121007838.583501;41982000000.0;8075000000.0;-58051750.84723869;2218000000.0;2180417659.8389535;;-1218558.6166683733;179000000.0;508000000.0;620431136.4153638;1486000000.0;2773636623.2389507;;-199880931.47143555;5230000000.0;159234625.19996145;-57500000.0;;1059000000.0;989000000.0;43783890.50475645;-1987136.7115300037;;;1572000000.0;8000000.0;;408735691.83588123;;512000000.0;;792000000.0;605000000.0;507000000.0;-1875000.0;187000000.0;285000000.0;86000000.0;429000000.0;961000000.0;41000000.0;920000000.0;79000000.0;41982000000.0;6391000000.0;9800000000.0;;500000000.0;9324000000.0;1491418980.958759;;-455000000.0;-746750000.0;631000000.0;689000000.0;507000000.0;10889219.983970642;505000000.0;505000000.0;;-306038723.6792729;283021216.9735789;235494907.35809752;-853407990.116611;-1306063786.2782583;466000000.0;-1000000.0;1000000.0;1500000.0;986667.9801796451;-905814.0976213617;-5495044.815705036;4499999.9999999795;4500000.0;-1000000.0;0.0;1000000.0;0.0;;453000000.0;4171000000.0;;586000000.0;799500000.0;;9762000000.0;11500000.0;507000000.0;31466000000.0;202705955.82558778;248095776.15542293;;46450671.186416745;;22435000000.0;3960780711.7500625;3060000000.0;3060000000.0;;52386173986.40572;21037000000.0;77000000.0;9149000000.0;2000000.0
2017-09-30;3734000000.0;3749000000.0;863000000.0;131000000.0;732000000.0;;2128000000.0;38250000000.0;-389221550.7306827;-238000000.0;16505000000.0;7850000000.0;1248000000.0;41443000000.0;7045000000.0;19337074.43234639;1806000000.0;1606000000.0;;-290553.3452644348;179000000.0;204000000.0;1350000000.0;1357000000.0;2908359145.1673923;;-197513582.4060192;5086000000.0;163726614.02302408;-7000000.0;;978000000.0;995000000.0;-49878961.900409065;-2378231.8273315914;594000000.0;;1526000000.0;8000000.0;;376698631.7125555;;86000000.0;;275000000.0;215000000.0;190000000.0;-1500000.0;60000000.0;85000000.0;91000000.0;519000000.0;1042000000.0;35000000.0;1007000000.0;74000000.0;41443000000.0;6362000000.0;9800000000.0;;500000000.0;9326000000.0;1513271723.4417005;;-338000000.0;-821500000.0;757000000.0;726000000.0;190000000.0;10855061.265995055;189000000.0;189000000.0;;61043506.13806987;201802642.11369097;236316407.97139817;510446263.8095815;759977251.3549865;483000000.0;4000000.0;-3000000.0;2000000.0;-3000000.0;2458911.7290673037;-2000000.0;4333333.333333312;4333333.333333333;0.0;0.0;8000000.0;-5000000.0;;449000000.0;4108000000.0;;588000000.0;877000000.0;1008000000.0;9762000000.0;11000000.0;190000000.0;32065000000.0;194776263.8677053;334389729.54004335;;46624692.56493579;;22032000000.0;3763000000.0;2999000000.0;2999000000.0;;49944424133.90019;20669000000.0;76000000.0;9154000000.0;1000000.0
2017-12-31;4396500000.0;4466500000.0;864000000.0;133500000.0;730500000.0;;2069500000.0;39084000000.0;-386780428.8142255;-275000000.0;16505000000.0;7883000000.0;1248000000.0;42125500000.0;7969500000.0;0.0;1706000000.0;1606000000.0;;3504514.293429911;179000000.0;458000000.0;1350000000.0;1360000000.0;2761497896.9546995;;-195096489.67112064;4896500000.0;159006003.3243785;43500000.0;;581000000.0;958000000.0;-55705406.94439238;-3019987.18728818;594000000.0;;1517500000.0;11500000.0;;372722438.68172175;;59500000.0;;851000000.0;599500000.0;609750000.0;;61500000.0;212000000.0;94000000.0;540500000.0;1071000000.0;39000000.0;1032000000.0;71000000.0;42125500000.0;6716000000.0;9900000000.0;;404000000.0;9817500000.0;1488925147.67734;0.0;-221000000.0;-896250000.0;883000000.0;763000000.0;449000000.0;10801617.34907198;447000000.0;447000000.0;;-2815339.480435133;283021216.9735788;237359081.82674134;480105150.36077595;714299522.1138809;597500000.0;4000000.0;-2000000.0;1500000.0;-3000000.0;0.0;-2000000.0;-3148247.9214922786;-6124975.46627629;-1000000.0;500000.0;2500000.0;-2000000.0;;459500000.0;2585500000.0;;590000000.0;954500000.0;1008000000.0;9762000000.0;10500000.0;449000000.0;31704500000.0;98564949.34914295;390668577.77792287;;46798796.39872035;;22069500000.0;3763000000.0;3346500000.0;2999000000.0;;42782690520.25488;20695500000.0;92000000.0;9161000000.0;2000000.0
2018-03-31;5059000000.0;5184000000.0;865000000.0;136000000.0;729000000.0;;2011000000.0;39918000000.0;-389518660.0442919;-312000000.0;16505000000.0;7916000000.0;1248000000.0;42808000000.0;8894000000.0;0.0;1606000000.0;1606000000.0;;7299581.932124257;179000000.0;712000000.0;1350000000.0;1363000000.0;2640632077.289402;;-192679396.93622208;4707000000.0;155813338.0992955;94000000.0;;659000000.0;921000000.0;-61531851.98837568;-3834699.587853778;594000000.0;;1509000000.0;15000000.0;;368907425.629971;0.0;33000000.0;;1427000000.0;984000000.0;1029500000.0;;63000000.0;339000000.0;97000000.0;562000000.0;1100000000.0;43000000.0;1057000000.0;68000000.0;42808000000.0;7070000000.0;10400000000.0;;308000000.0;10309000000.0;1464578571.9129796;1333333.3333333333;-104000000.0;-971000000.0;1009000000.0;800000000.0;708000000.0;10734927.52336818;705000000.0;705000000.0;87000000.0;-66674185.09894419;364239791.83346677;238401755.6820845;449764036.9119704;668621792.8727754;712000000.0;4000000.0;-1000000.0;1000000.0;-3000000.0;0.0;-2000000.0;153000000.0;4000000.0;-2000000.0;1000000.0;-3000000.0;1000000.0;280000000.0;470000000.0;1063000000.0;0.0;592000000.0;1032000000.0;1008000000.0;9762000000.0;10000000.0;708000000.0;31344000000.0;0.0;500000000.0;;46972900.23250487;680000000.0;22107000000.0;3763000000.0;3694000000.0;2999000000.0;;39223532338.46013;20722000000.0;108000000.0;9168000000.0;3000000.0
2018-06-30;5412000000.0;5521000000.0;871000000.0;140000000.0;731000000.0;;2521000000.0;40782000000.0;-344537183.4587484;-308000000.0;16505000000.0;7967000000.0;1244000000.0;44067000000.0;10990000000.0;0.0;1362000000.0;1362000000.0;;18838469.221519314;179000000.0;852000000.0;1365000000.0;1465000000.0;2439561127.473068;;-193541583.6208248;4746000000.0;154271174.71159455;73000000.0;;738000000.0;947000000.0;-66588766.554851755;-4251794.266341176;594000000.0;;1551000000.0;21000000.0;;404124458.0113569;0.0;10000000.0;;2003000000.0;1072000000.0;1449250000.0;;78000000.0;302000000.0;97000000.0;858000000.0;1392000000.0;45000000.0;1347000000.0;68000000.0;44067000000.0;8078000000.0;10400000000.0;;212000000.0;10312000000.0;1440231996.1486192;2666666.6666666665;-281500000.0;-1082000000.0;993750000.0;892186266.5592513;848000000.0;10704516.423717618;843000000.0;843000000.0;87000000.0;25472304.43350315;526676941.55324256;240013160.73125118;447089758.48881054;665016683.7199509;1096000000.0;5000000.0;-2000000.0;-1000000.0;-1000000.0;0.0;-1000000.0;153000000.0;4000000.0;-1000000.0;0.0;-1000000.0;0.0;280000000.0;466000000.0;1023000000.0;59250000.0;591750000.0;1088750000.0;1010000000.0;9762000000.0;11500000.0;848000000.0;30432000000.0;0.0;375000000.0;;46950208.91245816;680000000.0;22361000000.0;3831000000.0;4083000000.0;3613498802.439026;;38189659420.85233;20931000000.0;115000000.0;9268000000.0;5000000.0
2018-09-30;5443000000.0;6000000000.0;876000000.0;136000000.0;740000000.0;;2813000000.0;41825000000.0;-529403301.517531;-154000000.0;16505000000.0;7991000000.0;1249000000.0;44957000000.0;11112000000.0;0.0;2954000000.0;2954000000.0;;15352448.808907151;179000000.0;2022000000.0;722000000.0;1786000000.0;2025246112.6876626;;-194507306.54771996;4894000000.0;155324392.0948476;52000000.0;;738000000.0;1023000000.0;134808352.7013257;-5562810.283897355;595000000.0;;1568000000.0;24000000.0;;398939776.59177184;0.0;926000000.0;1869000000.0;2579000000.0;2492000000.0;1869000000.0;0.0;87000000.0;710000000.0;96000000.0;549000000.0;1052000000.0;43000000.0;1009000000.0;69000000.0;44957000000.0;8372000000.0;10400000000.0;;116000000.0;10198000000.0;1415885420.3842587;4000000.0;-459000000.0;-1193000000.0;978500000.0;526652240.7451236;1869000000.0;0.0;1861000000.0;1861000000.0;87000000.0;9147315443.482452;770332666.1329063;240000000.0;465000000.0;684000000.0;1149000000.0;144000000.0;-40000000.0;0.0;-1000000.0;0.0;-10000000.0;153000000.0;153000000.0;-10000000.0;3000000.0;-1000000.0;0.0;280000000.0;434000000.0;915000000.0;118500000.0;591500000.0;1145500000.0;828000000.0;9762000000.0;13000000.0;1869000000.0;31155000000.0;0.0;250000000.0;;46927345.97040537;680000000.0;23635000000.0;5216000000.0;4257000000.0;3514139818.249326;140000000.0;21489000000.0;21488000000.0;110000000.0;10162000000.0;8000000.0
2018-12-31;5352000000.0;5655000000.0;875500000.0;128000000.0;747500000.0;0.0;2366500000.0;42869000000.0;-537653654.3083616;-161000000.0;16505000000.0;8037000000.0;1339500000.0;44668500000.0;10191000000.0;0.0;2353000000.0;2353000000.0;;14272435.77270513;179000000.0;1328500000.0;695500000.0;1786000000.0;2078592288.6819808;;-195473607.88937664;5149000000.0;153371681.42936856;31000000.0;;738000000.0;998000000.0;33779994.29716244;-5445166.543454263;590500000.0;;1646500000.0;30000000.0;;407677570.7645988;0.0;466500000.0;1250000000.0;1717500000.0;1637500000.0;1250000000.0;0.0;80000000.0;467500000.0;97000000.0;769500000.0;1291500000.0;45000000.0;1246500000.0;70000000.0;44668500000.0;7954500000.0;10400000000.0;;116000000.0;10200500000.0;1452299613.1290445;0.0;-636500000.0;-1304000000.0;963250000.0;729908176.0287657;1250000000.0;10500000.0;1244500000.0;1244500000.0;80000000.0;4551489117.056649;567286228.9831865;240000000.0;465000000.0;684000000.0;936500000.0;73000000.0;-20500000.0;0.0;500000.0;0.0;-5000000.0;78500000.0;78500000.0;-10000000.0;1500000.0;-1000000.0;0.0;259000000.0;452000000.0;967500000.0;177750000.0;591250000.0;1202250000.0;822000000.0;9762000000.0;14500000.0;1250000000.0;31527500000.0;0.0;125000000.0;;46904482.06957036;662500000.0;23715000000.0;4325500000.0;4130500000.0;3423177169.482629;140000000.0;21362500000.0;21362000000.0;110500000.0;10407500000.0;5500000.0
2019-03-31;5261000000.0;5310000000.0;875000000.0;120000000.0;755000000.0;345333333.3333333;1920000000.0;43913000000.0;-459493501.50271356;-168000000.0;16505000000.0;8083000000.0;1430000000.0;44380000000.0;9270000000.0;0.0;1752000000.0;1752000000.0;0.0;37620432.27617872;179000000.0;635000000.0;669000000.0;1786000000.0;2130949113.3437357;;724000000.0;5404000000.0;141000000.0;10000000.0;;1904669159.8736744;973000000.0;-67248364.1070008;-5325318.39534157;586000000.0;118000000.0;1725000000.0;36000000.0;31000000.0;69000000.0;0.0;7000000.0;631000000.0;856000000.0;783000000.0;631000000.0;0.0;73000000.0;225000000.0;98000000.0;990000000.0;1531000000.0;47000000.0;1484000000.0;71000000.0;44380000000.0;7537000000.0;10400000000.0;;116000000.0;10203000000.0;1488713805.8738298;1641666666.6666667;-814000000.0;-1415000000.0;948000000.0;948000000.0;631000000.0;21000000.0;628000000.0;628000000.0;73000000.0;-44337209.370782614;364239791.83346677;240000000.0;465000000.0;684000000.0;724000000.0;2000000.0;-1000000.0;0.0;2000000.0;0.0;0.0;4000000.0;4000000.0;-10000000.0;0.0;-1000000.0;0.0;238000000.0;470000000.0;1020000000.0;237000000.0;591000000.0;1259000000.0;816000000.0;9762000000.0;16000000.0;631000000.0;31900000000.0;0.0;0.0;;55000000.0;645000000.0;23795000000.0;3435000000.0;4004000000.0;3332214520.71593;140000000.0;21236000000.0;21236000000.0;111000000.0;10653000000.0;3000000.0
2019-06-30;5445000000.0;5273000000.0;884000000.0;149000000.0;905000000.0;690666666.6666666;2067000000.0;44889000000.0;-453536629.62590384;-184000000.0;14955000000.0;8157000000.0;1433000000.0;44770000000.0;9425000000.0;50000000.0;1751000000.0;1751000000.0;11000000.0;42188151.49165431;179000000.0;619000000.0;636000000.0;;2146095380.993678;;724000000.0;5388000000.0;141000000.0;-47000000.0;;1936040337.1028395;1031000000.0;-67248364.1070008;-6037014.413473054;582000000.0;118000000.0;1777000000.0;35000000.0;31000000.0;69000000.0;0.0;7000000.0;635000000.0;941000000.0;844000000.0;635000000.0;0.0;97000000.0;306000000.0;153000000.0;1030000000.0;1629000000.0;47000000.0;1582000000.0;68000000.0;44770000000.0;7880000000.0;10400000000.0;;116000000.0;10155000000.0;1485120995.2141588;3283333333.3333335;-865250000.0;-1443750000.0;1045750000.0;1034750000.0;635000000.0;31500000.0;632000000.0;632000000.0;97000000.0;-73622121.33413506;364239791.83346677;252000000.0;445000000.0;681000000.0;819000000.0;2000000.0;0.0;0.0;-18000000.0;5000000.0;0.0;-16000000.0;-16000000.0;-22714214.509860367;0.0;;0.0;260000000.0;531000000.0;977000000.0;177750000.0;671500000.0;1269250000.0;819000000.0;9762000000.0;16916666.666666668;635000000.0;32115000000.0;0.0;0.0;;55000000.0;717000000.0;23848000000.0;3731000000.0;4420000000.0;3486897043.225433;163000000.0;21347000000.0;21347000000.0;123000000.0;10653000000.0;3000000.0
2019-09-30;6789000000.0;5854000000.0;1054000000.0;491666666.6666667;905000000.0;1036000000.0;5175000000.0;46804000000.0;-1318341479.277764;-332000000.0;14955000000.0;14867000000.0;4164000000.0;125443000000.0;20944000000.0;924000000.0;4840000000.0;5365000000.0;22000000.0;193386709.34052804;209000000.0;-942000000.0;741000000.0;;5288095872.744314;46931000000.0;724000000.0;21158000000.0;141000000.0;-104000000.0;9403000000.0;11937958399.302832;1767000000.0;-67248364.10700081;-9825502.114693042;709000000.0;118000000.0;3684000000.0;63000000.0;31000000.0;69000000.0;-33000000.0;7000000.0;-737000000.0;-574000000.0;-645000000.0;-737000000.0;-15000000.0;104000000.0;163000000.0;381000000.0;665000000.0;1648000000.0;47000000.0;1601000000.0;67000000.0;125443000000.0;15697000000.0;24494000000.0;;31000000.0;47583000000.0;1549157561.6777108;4925000000.0;-916500000.0;-1472500000.0;1143500000.0;1121500000.0;-912000000.0;42000000.0;-912000000.0;-912000000.0;71000000.0;709935483.4103673;120584067.25380307;463000000.0;676000000.0;1078000000.0;6445000000.0;-34000000.0;10000000.0;0.0;-114000000.0;32000000.0;0.0;-148000000.0;-148000000.0;-382923013.56798875;0.0;;0.0;362000000.0;916000000.0;3566000000.0;118500000.0;752000000.0;1279500000.0;1927000000.0;9762000000.0;17833333.333333332;-752000000.0;90121000000.0;118000000.0;0.0;;55000000.0;974000000.0;22227000000.0;5403000000.0;5859000000.0;7271384995.642709;245000000.0;36080000000.0;41005000000.0;244000000.0;10653000000.0;0.0
2019-12-31;5317000000.0;4156000000.0;1055727272.7272727;834333333.3333334;961000000.0;1036000000.0;4242500000.0;42037000000.0;-1289925369.2769623;-333000000.0;14955000000.0;14867000000.0;4296000000.0;113543000000.0;17526500000.0;536000000.0;3430500000.0;3864500000.0;33000000.0;145373917.38590643;209500000.0;-1534000000.0;676500000.0;;5178306947.948153;44952666666.666664;482166666.6666666;21742500000.0;125000000.0;-161000000.0;9403000000.0;12662649270.286688;2038000000.0;;-10400964.64240995;714000000.0;168500000.0;4867000000.0;50000000.0;34500000.0;188500000.0;-309000000.0;;-1375000000.0;-1306000000.0;-982500000.0;-1375000000.0;-7500000.0;-14500000.0;69000000.0;366500000.0;585000000.0;1562000000.0;43500000.0;1518500000.0;68000000.0;113543000000.0;13830000000.0;38588000000.0;;1247500000.0;41820500000.0;1580098001.7115853;4641117647.058824;-967750000.0;-1501250000.0;1241250000.0;1208250000.0;-1572000000.0;31500000.0;-1572000000.0;-795571428.5714285;-323500000.0;-882324343.0839721;120584067.2538031;458000000.0;722000000.0;1135500000.0;4332500000.0;-72500000.0;-10500000.0;-1000000.0;-57000000.0;16500000.0;1000000.0;-130500000.0;-130500000.0;-373903438.98093337;-313050.1839992122;;;279500000.0;909000000.0;4154500000.0;59250000.0;832500000.0;1289750000.0;1947500000.0;9762000000.0;18750000.0;-1382500000.0;82230000000.0;168500000.0;0.0;;64500000.0;1021500000.0;19728000000.0;5326500000.0;6236000000.0;7697143084.600054;254500000.0;33687500000.0;36150000000.0;234500000.0;10653000000.0;0.0
2020-03-31;3845000000.0;2458000000.0;1057454545.4545455;1177000000.0;1017000000.0;1036000000.0;3310000000.0;44389000000.0;-1478787995.3639808;-334000000.0;15081000000.0;14867000000.0;4428000000.0;101643000000.0;14109000000.0;148000000.0;2021000000.0;2364000000.0;44000000.0;90466486.63755712;210000000.0;-2126000000.0;612000000.0;;5695958204.84304;42974333333.333336;240333333.3333333;22327000000.0;117000000.0;-218000000.0;9403000000.0;11029330029.639385;2309000000.0;;-10505933.235091992;719000000.0;219000000.0;6050000000.0;37000000.0;38000000.0;308000000.0;-585000000.0;;-2013000000.0;-2038000000.0;-1320000000.0;-2013000000.0;0.0;-133000000.0;-25000000.0;352000000.0;505000000.0;1476000000.0;40000000.0;1436000000.0;69000000.0;101643000000.0;11963000000.0;38522000000.0;;2464000000.0;36058000000.0;1611038441.7454596;4357235294.117647;-1019000000.0;-1530000000.0;1339000000.0;1295000000.0;-2232000000.0;21000000.0;-2232000000.0;-679142857.1428571;-718000000.0;-2474584169.58062;120584067.25380307;453000000.0;768000000.0;1193000000.0;2220000000.0;-111000000.0;-31000000.0;-2000000.0;0.0;1000000.0;2000000.0;-113000000.0;-113000000.0;-364240812.2999001;-436065.0912121136;;;197000000.0;902000000.0;4743000000.0;0.0;913000000.0;1300000000.0;1968000000.0;9762000000.0;19666666.666666668;-2013000000.0;79073000000.0;219000000.0;0.0;;74000000.0;1069000000.0;17229000000.0;5250000000.0;6613000000.0;8122901173.557401;264000000.0;31295000000.0;31295000000.0;225000000.0;10653000000.0;0.0
2020-06-30;3034000000.0;2359000000.0;1059181818.1818181;1160000000.0;1000000000.0;;3215000000.0;52919000000.0;-1730126116.14679;-312000000.0;16235000000.0;;4316000000.0;89452000000.0;8437000000.0;149000000.0;1011000000.0;1213000000.0;63500000.0;70997799.75322893;213000000.0;-8109000000.0;577000000.0;;5879322200.343789;40996000000.0;-1500000.0;20153000000.0;110000000.0;-183750000.0;7887000000.0;8769890079.404642;2119000000.0;;-12692974.255759953;8000000.0;0.0;6128000000.0;33000000.0;34000000.0;301000000.0;-76000000.0;;-6716000000.0;-8184000000.0;-8301000000.0;-6716000000.0;-1415000000.0;193000000.0;-1468000000.0;310000000.0;503000000.0;1518000000.0;41000000.0;1477000000.0;70000000.0;89452000000.0;9919000000.0;38494000000.0;;2460000000.0;36034000000.0;1870819786.6200411;4073352941.1764708;-852750000.0;-1218000000.0;1231750000.0;1168250000.0;-8353000000.0;10500000.0;-8353000000.0;-562714285.7142857;117000000.0;3787176046.814008;120584067.25380301;420000000.0;740000000.0;1129000000.0;2054000000.0;20000000.0;5000000.0;1000000.0;0.0;0.0;-1000000.0;22000000.0;22000000.0;-325564847.3577743;-67020.3695734088;;;114000000.0;945000000.0;4394000000.0;750000.0;737500000.0;1119750000.0;1816000000.0;9762000000.0;19204861.741519094;-8131000000.0;72604000000.0;222000000.0;43500000.0;;78000000.0;631000000.0;8105000000.0;3308000000.0;2928000000.0;6528378615.396567;225000000.0;23346000000.0;23346000000.0;68000000.0;10657000000.0;0.0
2020-09-30;2682000000.0;2083000000.0;1060909090.9090909;1135000000.0;975000000.0;;3470000000.0;52038000000.0;-1915647211.5165205;-283000000.0;16505000000.0;;4135000000.0;84434000000.0;10694000000.0;5000000.0;1896000000.0;2074000000.0;83000000.0;52376840.34394029;216000000.0;-3546000000.0;618000000.0;;5776789449.743063;39017666666.666664;-243333333.33333337;18175000000.0;144000000.0;-149500000.0;7508000000.0;7838167402.456245;1915000000.0;;-13241813.244045231;10000000.0;-19000000.0;3125000000.0;29000000.0;33000000.0;292000000.0;88000000.0;;-3655000000.0;-4058000000.0;-4269000000.0;-3655000000.0;80000000.0;123000000.0;-403000000.0;353000000.0;753000000.0;1701000000.0;41000000.0;1660000000.0;63000000.0;84434000000.0;10500000000.0;38457000000.0;36025000000.0;2558000000.0;35899000000.0;1696420530.363529;3789470588.2352943;-686500000.0;-906000000.0;1124500000.0;1041500000.0;-6239000000.0;0.0;-3778000000.0;-446285714.28571427;211000000.0;3780949979.047888;120584067.2538031;459000000.0;786000000.0;1196000000.0;1445000000.0;28000000.0;8000000.0;0.0;-1000000.0;0.0;1000000.0;29000000.0;29000000.0;-296759811.13870215;-313050.183999212;;;231000000.0;885000000.0;3043000000.0;1500000.0;562000000.0;939500000.0;1728000000.0;9762000000.0;20249373.851032376;-3575000000.0;68421000000.0;203000000.0;87000000.0;;14000000.0;656000000.0;4317000000.0;4018000000.0;4108000000.0;6712678360.975744;166000000.0;19860000000.0;19860000000.0;180000000.0;10657000000.0;0.0
2020-12-31;3049000000.0;2564500000.0;;1143500000.0;1002000000.0;;3518000000.0;53075000000.0;-1588433850.2841778;-259000000.0;16552000000.0;;4082500000.0;81894500000.0;10384000000.0;23000000.0;2083000000.0;2271000000.0;102500000.0;43715247.23051152;216500000.0;-1819500000.0;606000000.0;;5604030729.978303;;-428032703.0475712;17566500000.0;148000000.0;-115250000.0;7224500000.0;7369431561.721956;2054500000.0;;-11597566.20705694;10500000.0;90500000.0;3147500000.0;28500000.0;46000000.0;311000000.0;243500000.0;;-1678000000.0;-1871500000.0;-2237000000.0;-1678000000.0;-182500000.0;122000000.0;-193500000.0;374000000.0;1017500000.0;1951500000.0;35000000.0;1916500000.0;66000000.0;81894500000.0;9565500000.0;37046500000.0;36025000000.0;440000000.0;35745000000.0;1604000759.688574;;-520250000.0;-594000000.0;1017250000.0;914750000.0;-4125000000.0;0.0;-2062000000.0;-282899752.0190892;365500000.0;4267693712.0379725;120584067.25380307;414000000.0;707000000.0;1072500000.0;1299000000.0;40000000.0;11500000.0;0.0;0.0;0.0;500000.0;41000000.0;41000000.0;-269367730.3752625;-251542.73039276112;;;244500000.0;868000000.0;2910000000.0;2250000.0;386500000.0;759250000.0;1640500000.0;9762000000.0;22128817.0552848;-1860500000.0;65889000000.0;201500000.0;130500000.0;;14500000.0;716000000.0;3478000000.0;4601000000.0;4700500000.0;6634964633.247684;166000000.0;19080000000.0;19080000000.0;195000000.0;10662500000.0;0.0
2021-03-31;3416000000.0;3046000000.0;;1152000000.0;1029000000.0;;3566000000.0;55205000000.0;-1888240781.0302145;-235000000.0;16585000000.0;;4030000000.0;79355000000.0;10074000000.0;41000000.0;2270000000.0;2468000000.0;122000000.0;33995100.92119226;217000000.0;-93000000.0;594000000.0;;5536129066.728698;35061000000.0;-727000000.0;16958000000.0;152000000.0;-81000000.0;6941000000.0;6890468106.312996;2194000000.0;;-13138300.365751881;11000000.0;200000000.0;3170000000.0;28000000.0;59000000.0;330000000.0;399000000.0;;299000000.0;315000000.0;-205000000.0;299000000.0;-445000000.0;121000000.0;16000000.0;395000000.0;1282000000.0;2202000000.0;29000000.0;2173000000.0;69000000.0;79355000000.0;8631000000.0;35636000000.0;36025000000.0;559000000.0;35466000000.0;1511580989.0136201;;-354000000.0;-282000000.0;910000000.0;788000000.0;-2011000000.0;0.0;-346000000.0;-163626445.0797062;520000000.0;4754437445.028056;120584067.2538031;369000000.0;628000000.0;949000000.0;1153000000.0;52000000.0;15000000.0;0.0;1000000.0;0.0;0.0;53000000.0;53000000.0;-246328753.17948544;-190035.2767863104;;;258000000.0;851000000.0;2777000000.0;3000000.0;211000000.0;579000000.0;1553000000.0;9762000000.0;24154410.14819753;-146000000.0;64073000000.0;200000000.0;174000000.0;;15000000.0;776000000.0;2639000000.0;5184000000.0;5293000000.0;6557250905.519621;166000000.0;18300000000.0;18300000000.0;210000000.0;10668000000.0;0.0
2021-06-30;3544000000.0;3288000000.0;;1143000000.0;1020000000.0;;4325000000.0;54720000000.0;-1800250904.3882344;-238000000.0;16638000000.0;;3949000000.0;79937000000.0;12844000000.0;52000000.0;4569000000.0;4766000000.0;91500000.0;55595380.992123544;217000000.0;100000000.0;676000000.0;;5234268451.355669;35061000000.0;-707000000.0;16755000000.0;147000000.0;-131000000.0;6808000000.0;5183938113.670788;2371000000.0;;-13120599.682582356;9000000.0;200000000.0;3249000000.0;86000000.0;50000000.0;332000000.0;-223000000.0;;100000000.0;143000000.0;187000000.0;100000000.0;3000000.0;179000000.0;43000000.0;385000000.0;917000000.0;1866000000.0;29000000.0;1837000000.0;71000000.0;79937000000.0;9586000000.0;35621000000.0;36003000000.0;651000000.0;35352000000.0;1518851147.0543666;;-1122750000.0;-377000000.0;1492250000.0;1400750000.0;103000000.0;0.0;-97000000.0;-97000000.0;-44000000.0;1926223624.8350618;120584067.25380316;331000000.0;583000000.0;860000000.0;1196000000.0;-3000000.0;-1000000.0;2599278.157984548;0.0;0.0;0.0;-3000000.0;-3000000.0;-238309599.86067644;-190035.27678631042;;;248000000.0;878000000.0;2844000000.0;11250000.0;212250000.0;648750000.0;1551000000.0;9762000000.0;21624398.709104598;103000000.0;61846000000.0;200000000.0;945250000.0;180000000.0;17000000.0;712000000.0;2533000000.0;6102000000.0;5958000000.0;6042242686.568079;177000000.0;18244000000.0;18244000000.0;244000000.0;10668000000.0;0.0
2021-09-30;3713000000.0;3477000000.0;;1123000000.0;1000000000.0;;3654000000.0;56548000000.0;-1711853643.1690378;-282000000.0;16692000000.0;;3942000000.0;75758000000.0;9899000000.0;29000000.0;2059000000.0;2294000000.0;61000000.0;75293163.29934123;217000000.0;784000000.0;731000000.0;;5293451637.313542;30760000000.0;-688000000.0;16844000000.0;135000000.0;20000000.0;6825000000.0;4727673936.079835;1916000000.0;;-12076286.137483142;9000000.0;200000000.0;3266000000.0;31000000.0;52000000.0;330000000.0;-26000000.0;;830000000.0;1217000000.0;1080000000.0;830000000.0;-2000000.0;163000000.0;387000000.0;449000000.0;884000000.0;1802000000.0;29000000.0;1773000000.0;75000000.0;75758000000.0;9126000000.0;31313000000.0;31695000000.0;418500000.0;32391500000.0;1473454927.6604033;;-1891500000.0;-472000000.0;2074500000.0;2013500000.0;828000000.0;0.0;623000000.0;623000000.0;137000000.0;-529825741.27306116;526676941.55324256;265000000.0;593000000.0;804000000.0;1272000000.0;-45000000.0;0.0;5327833.5166956885;2000000.0;0.0;1000000.0;-44000000.0;-44000000.0;-243909351.83390844;-313050.1839992123;;;256000000.0;843000000.0;2889000000.0;19500000.0;213500000.0;718500000.0;1595000000.0;9762000000.0;20916332.644897997;828000000.0;60644000000.0;200000000.0;1716500000.0;220000000.0;15000000.0;829000000.0;3152000000.0;6880000000.0;6792000000.0;6517719855.519445;240000000.0;18873000000.0;18873000000.0;289000000.0;10668000000.0;5000000.0
2021-12-31;4188500000.0;4455500000.0;;1105500000.0;966500000.0;;3505000000.0;56548000000.0;-1537050237.5863814;-231000000.0;16749000000.0;;3788000000.0;74990000000.0;9978500000.0;47000000.0;1984000000.0;2122500000.0;30500000.0;95838411.18623462;217000000.0;2844000000.0;774500000.0;;5157805442.057259;27973500000.0;-674000000.0;15797000000.0;124500000.0;-1110000000.0;5815500000.0;4755727292.482824;1779500000.0;;-10999574.21993919;66500000.0;200000000.0;3140500000.0;28000000.0;75500000.0;435000000.0;54500000.0;;2853000000.0;2150000000.0;1919500000.0;2853000000.0;-1000000.0;176000000.0;-703000000.0;410000000.0;741500000.0;1653500000.0;64000000.0;1589500000.0;91500000.0;74990000000.0;8913000000.0;28523000000.0;29033500000.0;186000000.0;29431000000.0;1434018547.1254234;;-2660250000.0;-567000000.0;2656750000.0;2626250000.0;2852000000.0;7970838.022147;2632500000.0;2632500000.0;230500000.0;601935675.7080317;1704346277.0216165;219000000.0;575500000.0;746500000.0;1290500000.0;-22000000.0;0.0;8056388.875406826;14500000.0;4000000.0;500000.0;-8000000.0;-8000000.0;-225489542.9805251;-251542.73039276147;;;277500000.0;820500000.0;3083500000.0;27750000.0;214750000.0;788250000.0;1568000000.0;9762000000.0;18868775.84918374;2852000000.0;60644000000.0;200000000.0;2487750000.0;122500000.0;16000000.0;846500000.0;6092000000.0;7546500000.0;7570500000.0;5569408956.565287;218000000.0;20327000000.0;21890000000.0;312000000.0;10688500000.0;19500000.0
2022-03-31;4664000000.0;5434000000.0;;1088000000.0;933000000.0;;3356000000.0;56548000000.0;-1335540886.912609;-180000000.0;16785000000.0;;3634000000.0;74222000000.0;10058000000.0;65000000.0;1909000000.0;1951000000.0;0.0;116383659.07312807;217000000.0;4904000000.0;818000000.0;;5206856739.039077;25187000000.0;-660000000.0;14750000000.0;114000000.0;-2240000000.0;4806000000.0;4643979109.179474;1643000000.0;;-9118960.825335357;124000000.0;200000000.0;3015000000.0;25000000.0;99000000.0;540000000.0;135000000.0;;4876000000.0;3083000000.0;2759000000.0;4876000000.0;0.0;189000000.0;-1793000000.0;371000000.0;599000000.0;1505000000.0;99000000.0;1406000000.0;108000000.0;74222000000.0;8700000000.0;25733000000.0;26372000000.0;507000000.0;25865000000.0;1394582166.590444;;-3429000000.0;-662000000.0;3239000000.0;3239000000.0;4876000000.0;7636938.787860036;4642000000.0;4642000000.0;324000000.0;1733697092.6891341;2882015612.4899917;173000000.0;558000000.0;689000000.0;1309000000.0;1000000.0;0.0;10784944.234117962;27000000.0;8000000.0;0.0;28000000.0;28000000.0;-205970994.08039337;-190035.27678631045;;;299000000.0;798000000.0;3278000000.0;36000000.0;216000000.0;858000000.0;1541000000.0;9762000000.0;27000000.0;4876000000.0;60644000000.0;200000000.0;3259000000.0;25000000.0;17000000.0;864000000.0;9032000000.0;8213000000.0;8349000000.0;4621098057.611128;196000000.0;24907000000.0;24907000000.0;335000000.0;10709000000.0;34000000.0
2022-06-30;5197000000.0;6350000000.0;1073000000.0;155000000.0;918000000.0;;3896000000.0;;-1882713055.8607411;-135000000.0;16914000000.0;;3600000000.0;74221000000.0;10408000000.0;13000000.0;1362000000.0;1401000000.0;0.0;123723138.06862807;218000000.0;3800000000.0;835000000.0;;5669010984.642594;20361000000.0;-1289000000.0;14918000000.0;88000000.0;203000000.0;5020000000.0;4728441779.723547;1728000000.0;;-6287897.080218026;125000000.0;200000000.0;3328000000.0;26000000.0;97000000.0;543000000.0;127000000.0;;3755000000.0;4986000000.0;4658000000.0;3755000000.0;0.0;201000000.0;1231000000.0;114000000.0;715000000.0;1663000000.0;99000000.0;1564000000.0;111000000.0;74221000000.0;9730000000.0;21562000000.0;22202000000.0;459000000.0;21743000000.0;1314145476.17451;;-2841750000.0;-896000000.0;3146750000.0;3239000000.0;3755000000.0;7348047.741496444;3527000000.0;3529000000.0;328000000.0;2096833436.3761897;2394704163.3306637;178000000.0;589000000.0;721000000.0;1132000000.0;8000000.0;3000000.0;7921951.139742615;37000000.0;10000000.0;0.0;45000000.0;45000000.0;-188339521.33837894;-190035.2767863103;;;291000000.0;837000000.0;3278000000.0;210000000.0;216000000.0;1008750000.0;1513000000.0;9762000000.0;27750000.0;4072800000.0;59923597379.313995;200000000.0;2449750000.0;23000000.0;16000000.0;1005000000.0;12462000000.0;10351000000.0;10676000000.0;7981364491.276911;244000000.0;27830000000.0;25684428571.42857;426000000.0;11391000000.0;28000000.0
2022-09-30;3715000000.0;4046000000.0;1048000000.0;155000000.0;893000000.0;;3426000000.0;;-1799310630.028825;-87000000.0;17129000000.0;;3553000000.0;72144000000.0;8749000000.0;4000000.0;1233000000.0;1279000000.0;0.0;160944688.3635502;220000000.0;2794000000.0;835000000.0;;5442339702.524111;19089000000.0;-1321000000.0;15011000000.0;79000000.0;272000000.0;5304000000.0;4593993095.241489;1736000000.0;;-5702295.764729761;120000000.0;200000000.0;3156000000.0;47000000.0;141000000.0;552000000.0;70000000.0;;2746000000.0;3648000000.0;3382000000.0;2746000000.0;0.0;196000000.0;902000000.0;285000000.0;1044000000.0;2036000000.0;99000000.0;1937000000.0;110000000.0;72144000000.0;7935000000.0;20331000000.0;21024000000.0;546000000.0;20478000000.0;1370700542.7938058;;-2254500000.0;-1130000000.0;3054500000.0;3239000000.0;2746000000.0;4744053.73657012;2528000000.0;2529000000.0;266000000.0;4185532066.4387226;1582518414.7317848;248000000.0;616000000.0;825000000.0;1533000000.0;48000000.0;13000000.0;5058958.045367264;1000000.0;0.0;1000000.0;48000000.0;48000000.0;-175979487.86436388;-313050.183999212;;;319000000.0;882000000.0;3218000000.0;384000000.0;216000000.0;1159500000.0;1427000000.0;9762000000.0;28500000.0;3269600000.0;59261669424.01032;200000000.0;1640500000.0;31000000.0;15000000.0;1056000000.0;14888000000.0;9359000000.0;9390000000.0;7280091556.991524;247000000.0;28720000000.0;26461857142.857143;427000000.0;13192000000.0;18000000.0
2022-12-31;3614500000.0;3659000000.0;1039500000.0;148000000.0;891500000.0;;3107000000.0;;-1721270324.9647036;84000000.0;17144000000.0;;3585500000.0;71872000000.0;8445500000.0;2000000.0;1199000000.0;1026000000.0;-20382290.413144946;100577684.22665659;220500000.0;2058500000.0;790000000.0;;5514820315.865634;18512500000.0;-1280000000.0;14983500000.0;74500000.0;144500000.0;5415500000.0;4570257078.973245;1728500000.0;;-5160531.924996646;142000000.0;200000000.0;3158500000.0;74500000.0;140000000.0;546000000.0;35000000.0;;2746000000.0;2691000000.0;3382000000.0;2004500000.0;0.0;148000000.0;686500000.0;261500000.0;1196500000.0;2234000000.0;110000000.0;2124000000.0;117500000.0;71872000000.0;7687500000.0;19718000000.0;20404000000.0;639428571.4285715;19670000000.0;1411151363.9856339;;-1667250000.0;-1364000000.0;2962250000.0;3125608591.449143;2004500000.0;4523918.716480613;1752500000.0;1753000000.0;183000000.0;2792256601.5852194;1095206965.5724578;267500000.0;605500000.0;838500000.0;1463500000.0;21500000.0;7000000.0;2195964.9509919127;32000000.0;0.0;-500000.0;54000000.0;54000000.0;-100951723.74074408;-128527.82317985957;;;313500000.0;920000000.0;3283500000.0;558000000.0;215774425.89578974;1310250000.0;1202000000.0;9446000000.0;29250000.0;2466400000.0;59346842372.06665;200000000.0;831250000.0;33500000.0;16000000.0;1068500000.0;16103000000.0;8237000000.0;8307500000.0;7153552160.219429;244000000.0;30085000000.0;27239285714.285713;366500000.0;13772000000.0;12000000.0
2023-03-31;3514000000.0;3272000000.0;1031000000.0;141000000.0;890000000.0;;2788000000.0;;-1684353736.3938136;255000000.0;17159000000.0;;3618000000.0;71600000000.0;8142000000.0;0.0;1165000000.0;1218000000.0;-24985684.54773286;102967111.62390032;221000000.0;1323000000.0;745000000.0;;5303573980.357286;17936000000.0;-1239000000.0;14956000000.0;70000000.0;17000000.0;5527000000.0;4631807817.852831;1721000000.0;;-5159131.6707655825;164000000.0;200000000.0;3161000000.0;102000000.0;139000000.0;540000000.0;0.0;;2746000000.0;1734000000.0;3382000000.0;1263000000.0;0.0;100000000.0;471000000.0;238000000.0;1349000000.0;2432000000.0;121000000.0;2311000000.0;125000000.0;71600000000.0;7440000000.0;19105000000.0;19784000000.0;732857142.8571429;19645000000.0;1451602185.1774611;;-1080000000.0;-1598000000.0;2870000000.0;3013824812.736331;1263000000.0;4262399.970485717;977000000.0;977000000.0;100000000.0;1398981136.7317243;607895516.4131303;287000000.0;595000000.0;852000000.0;1394000000.0;-5000000.0;1000000.0;-667028.1433834371;63000000.0;0.0;-2000000.0;60000000.0;60000000.0;-26662506.72536853;55994.53763949289;;;308000000.0;958000000.0;3349000000.0;732000000.0;215472005.26396233;1461000000.0;977000000.0;9130000000.0;30000000.0;1663200000.0;59323504406.093765;200000000.0;22000000.0;36000000.0;17000000.0;1081000000.0;17318000000.0;7115000000.0;7225000000.0;7027012763.447332;241000000.0;29559000000.0;28016714285.714287;306000000.0;14524000000.0;6000000.0
2023-06-30;3557000000.0;2850000000.0;1008000000.0;141000000.0;867000000.0;;3153000000.0;;1035778901.5907315;247000000.0;17218000000.0;;3667000000.0;71199000000.0;7454000000.0;0.0;486000000.0;533000000.0;-24666416.89001146;103254016.73989007;221000000.0;852000000.0;791000000.0;;2400122144.978838;17936000000.0;-1213000000.0;14963000000.0;67000000.0;81000000.0;5605000000.0;4633575670.143881;1709000000.0;;-5222759.817993;161000000.0;190000000.0;3431000000.0;102000000.0;158000000.0;587000000.0;0.0;;;1327000000.0;;860000000.0;0.0;185000000.0;467000000.0;230000000.0;1172000000.0;2142000000.0;121000000.0;2021000000.0;120000000.0;71199000000.0;7456000000.0;19082000000.0;19827000000.0;826285714.2857143;19669000000.0;1468805407.983181;;-892000000.0;-1651000000.0;2654250000.0;2838839431.048417;860000000.0;0.0;601000000.0;601000000.0;185000000.0;1575210919.0807045;445458366.6933547;284000000.0;576000000.0;827000000.0;2097000000.0;-2000000.0;1000000.0;-686486.2367032579;-5000000.0;0.0;1000000.0;-8000000.0;-8000000.0;-48922207.12269771;-313050.1839992121;;;10000000.0;850000000.0;3270000000.0;549000000.0;220178495.26388508;1541500000.0;978000000.0;8621000000.0;44500000.0;860000000.0;59065493076.70152;190000000.0;16500000.0;29000000.0;18000000.0;1130000000.0;17762000000.0;6601000000.0;6702000000.0;6123401898.630517;277000000.0;29111000000.0;38944293863.70659;266000000.0;14524000000.0;4000000.0
2023-09-30;3908000000.0;3674000000.0;1001000000.0;141000000.0;860000000.0;;3497000000.0;;897147558.1018523;293000000.0;17326000000.0;;3636000000.0;71827000000.0;8266000000.0;0.0;611000000.0;649000000.0;-24710965.865507454;102431808.70811582;221000000.0;1421000000.0;682000000.0;;2703254726.4411354;17936000000.0;-1187000000.0;14977000000.0;64000000.0;50000000.0;5666000000.0;4750871651.449838;1712000000.0;;-5103392.397793692;160000000.0;177000000.0;3320000000.0;125000000.0;169000000.0;593000000.0;0.0;;;1809000000.0;;808666666.6666666;60666666.666666664;106000000.0;434000000.0;230000000.0;1116000000.0;2096000000.0;121000000.0;1975000000.0;85000000.0;71827000000.0;8941000000.0;19059000000.0;19821000000.0;919714285.7142857;18597000000.0;1448432058.1248102;;-704000000.0;-1704000000.0;2438500000.0;2805435676.38738;1375000000.0;2000000.0;1149000000.0;1150000000.0;106000000.0;4088296729.6960406;689114091.2730184;312000000.0;577000000.0;854000000.0;2006000000.0;46000000.0;12000000.0;-705944.3300230769;1000000.0;0.0;1000000.0;46000000.0;46000000.0;-36669882.24954429;-313050.1839992121;;;328000000.0;895000000.0;3328000000.0;366000000.0;219727719.859412;1622000000.0;910000000.0;8287000000.0;59000000.0;937500000.0;59681237108.90835;177000000.0;11000000.0;22000000.0;16000000.0;1189000000.0;18758000000.0;7271000000.0;7158000000.0;6252784502.93096;258000000.0;29312000000.0;38730863043.44876;290000000.0;14524000000.0;7000000.0
2023-12-31;3646000000.0;3195000000.0;1001000000.0;136000000.0;889000000.0;;3854000000.0;;-1554540205.3260527;275000000.0;17422000000.0;;3882000000.0;74008000000.0;8375000000.0;6000000.0;1426000000.0;1464000000.0;-25327226.693202347;50224934.743780516;222000000.0;1157000000.0;712000000.0;;5345937699.999496;17955000000.0;-1152000000.0;15975000000.0;106000000.0;-20500000.0;5764000000.0;5011221345.698575;1702500000.0;;-4890535.881710688;178500000.0;173500000.0;3224000000.0;95500000.0;146000000.0;591000000.0;0.0;;;1409500000.0;;757333333.3333334;121333333.33333333;203500000.0;369000000.0;257000000.0;1027000000.0;2130000000.0;108000000.0;2022000000.0;115000000.0;74008000000.0;9148000000.0;19001000000.0;19738000000.0;;18536000000.0;1465318268.2252653;99000000.0;-516000000.0;-1757000000.0;2222750000.0;2742922500.9876866;1131500000.0;4000000.0;931500000.0;932000000.0;203500000.0;2973745294.63682;567286228.9831865;446000000.0;727000000.0;1130000000.0;1732000000.0;21000000.0;6500000.0;-725402.4233428979;5000000.0;0.0;500000.0;25500000.0;25500000.0;-38201124.872520745;-251542.73039276118;;;369000000.0;988000000.0;3782000000.0;183000000.0;215259013.95267975;1702500000.0;931000000.0;8287000000.0;73500000.0;1015000000.0;60445558115.56531;177000000.0;5500000.0;33000000.0;16500000.0;1175000000.0;19626000000.0;7001000000.0;6566500000.0;5970024503.02241;258500000.0;30250000000.0;30349000000.0;262500000.0;10835019088.312439;5500000.0
2024-03-31;3827000000.0;3271000000.0;1001000000.0;131000000.0;870000000.0;;3358000000.0;;-1514408358.4837065;280000000.0;17456000000.0;;3867000000.0;74277000000.0;8345000000.0;12000000.0;1272000000.0;1333000000.0;-25252978.400708944;51537132.049262606;223000000.0;893000000.0;742000000.0;;5331070198.072812;17955000000.0;-1125000000.0;15953000000.0;66000000.0;-91000000.0;5728000000.0;5044911458.245517;1693000000.0;;-4738484.857263601;197000000.0;170000000.0;3400000000.0;66000000.0;146000000.0;588000000.0;0.0;;;1010000000.0;;706000000.0;182000000.0;301000000.0;304000000.0;284000000.0;1064000000.0;2239000000.0;108000000.0;2131000000.0;107000000.0;74277000000.0;8812000000.0;19014000000.0;19748000000.0;;18545000000.0;1482204478.32572;156000000.0;-328000000.0;-1810000000.0;2007000000.0;2678545737.290077;888000000.0;6000000.0;714000000.0;714000000.0;301000000.0;1655934998.903807;445458366.69335467;424000000.0;664000000.0;1038000000.0;1671000000.0;-4000000.0;1000000.0;-744860.516662718;9000000.0;0.0;0.0;5000000.0;5000000.0;-34191763.71390486;-190035.27678631034;;;410000000.0;1068000000.0;3891000000.0;0.0;215762138.15260947;1783000000.0;933000000.0;8287000000.0;88000000.0;1092500000.0;60759285260.55014;177000000.0;0.0;44000000.0;17000000.0;1161000000.0;20147000000.0;6731000000.0;5975000000.0;5565648709.760222;259000000.0;30811000000.0;30967000000.0;235000000.0;10844722981.209919;4000000.0
2024-06-30;4282000000.0;3896000000.0;988000000.0;131000000.0;857000000.0;;3660000000.0;;-1441446216.7082763;264000000.0;17928000000.0;;3848000000.0;76216000000.0;10092000000.0;14000000.0;1845000000.0;1895000000.0;-25334651.52245164;88631180.60735816;227000000.0;1146000000.0;821000000.0;;5803251038.297827;17955000000.0;-1099000000.0;15868000000.0;60000000.0;-44000000.0;5680000000.0;5253751354.899038;1775000000.0;;-4417665.383931784;201000000.0;170000000.0;3460000000.0;83000000.0;153000000.0;590000000.0;82310212.10217269;;;1635000000.0;;1170000000.0;0.0;242000000.0;465000000.0;252000000.0;1643000000.0;2921000000.0;108000000.0;2813000000.0;121000000.0;76216000000.0;9699000000.0;18994000000.0;19737000000.0;1200000000.0;18390000000.0;1455786752.886961;206000000.0;-328000000.0;-1810000000.0;2007000000.0;2466598737.1310716;888000000.0;8000000.0;985000000.0;985000000.0;242000000.0;1327593989.3441072;689114091.2730181;410000000.0;668000000.0;1022000000.0;1538000000.0;-8000000.0;4000000.0;-744860.5166627171;-7000000.0;0.0;1000000.0;-16000000.0;-16000000.0;-33016817.383571416;-313050.18399921205;;;344000000.0;1157000000.0;3880000000.0;0.0;216886756.01422974;1783000000.0;935000000.0;8287000000.0;88000000.0;1170000000.0;61262672283.03444;45040270.27118182;0.0;35000000.0;15000000.0;1179000000.0;20938000000.0;6802000000.0;6817000000.0;6244836843.560401;259000000.0;32053000000.0;32259000000.0;265000000.0;10842447126.88204;7000000.0
