end;AccountsNotesAndLoansReceivableNetCurrent;AccountsPayableCurrent;AccountsPayableRelatedPartiesCurrent;AccountsReceivableNet;AccountsReceivableNetCurrent;AccretionExpenseIncludingAssetRetirementObligations;AccrualForEnvironmentalLossContingencies;AccumulatedDepreciationDepletionAndAmortizationPropertyPlantAndEquipment;AccumulatedOtherComprehensiveIncomeLossNetOfTax;AdditionalPaidInCapitalCommonStock;AllowanceForDoubtfulAccountsReceivableCurrent;AssetImpairmentCharges;Assets;AssetsCurrent;AssetsFairValueDisclosure;CashAndCashEquivalentsAtCarryingValue;CashCashEquivalentsRestrictedCashAndRestrictedCashEquivalents;CommonStockValue;ComprehensiveIncomeNetOfTax;ComprehensiveIncomeNetOfTaxAttributableToNoncontrollingInterest;ComprehensiveIncomeNetOfTaxIncludingPortionAttributableToNoncontrollingInterest;ContractWithCustomerAssetGross;ContractWithCustomerLiability;CostOfGoodsAndServicesSold;CostOfPurchasedOilAndGas;DebtCurrent;DeferredCreditsAndOtherLiabilitiesNoncurrent;DeferredIncomeTaxExpenseBenefit;DeferredIncomeTaxLiabilitiesNet;DeferredTaxLiabilitiesNoncurrent;DepreciationAndAmortization;DepreciationDepletionAndAmortization;DerivativeAssetFairValueGrossLiability;DerivativeCollateralObligationToReturnSecurities;DerivativeFairValueOfDerivativeAssetAmountOffsetAgainstCollateral;DerivativeFairValueOfDerivativeLiabilityAmountOffsetAgainstCollateral;DerivativeLiabilityCollateralRightToReclaimCashOffset;DerivativeLiabilityFairValueGrossAsset;DividendsCommonStockCash;DueFromRelatedPartiesCurrent;EffectOfLIFOInventoryLiquidationOnIncome;EquityMethodInvestmentSummarizedFinancialInformationNetIncomeLoss;EquityMethodInvestmentSummarizedFinancialInformationRevenue;ExcessOfReplacementOrCurrentCostsOverStatedLIFOValue;ExciseAndSalesTaxes;FairValueAssetsLevel2ToLevel1TransfersAmount;FairValueLiabilitiesLevel2ToLevel1TransfersAmount;ForeignCurrencyTransactionGainLossBeforeTax;Goodwill;IncomeLossFromContinuingOperations;IncomeLossFromContinuingOperationsIncludingPortionAttributableToNoncontrollingInterest;IncomeLossFromEquityMethodInvestments;IncomeLossFromEquityMethodInvestmentsNetOfDividendsOrDistributions;IncomeLossIncludingPortionAttributableToNoncontrollingInterest;IncomeTaxExpenseBenefit;IncreaseDecreaseInAccountsPayable;IncreaseDecreaseInInventories;IncreaseDecreaseInPrepaidDeferredExpenseAndOtherAssets;IncreaseDecreaseInReceivables;IntangibleAssetsNetExcludingGoodwill;InterestAndDebtExpense;InterestExpenseRelatedParty;InventoryCrudeOilProductsAndMerchandise;InventoryNet;LIFOInventoryAmount;Liabilities;LiabilitiesAndStockholdersEquity;LiabilitiesCurrent;LiabilitiesFairValueDisclosure;LongTermDebtAndCapitalLeaseObligations;LongTermInvestmentsAndReceivablesNet;MinorityInterest;MinorityInterestDecreaseFromDistributionsToNoncontrollingInterestHolders;NetCashProvidedByUsedInFinancingActivities;NetCashProvidedByUsedInInvestingActivities;NetCashProvidedByUsedInOperatingActivities;NetIncomeLoss;NetIncomeLossAttributableToNoncontrollingInterest;NetIncomeLossAvailableToCommonStockholdersBasic;NetIncomeLossAvailableToCommonStockholdersDiluted;NonoperatingIncomeExpense;OtherAssetsNoncurrent;OtherComprehensiveIncomeForeignCurrencyTransactionAndTranslationGainLossBeforeReclassificationAndTax;OtherComprehensiveIncomeLossCashFlowHedgeGainLossAfterReclassificationAndTax;OtherComprehensiveIncomeLossCashFlowHedgeGainLossAfterReclassificationBeforeTax;OtherComprehensiveIncomeLossCashFlowHedgeGainLossAfterReclassificationTax;OtherComprehensiveIncomeLossDerivativesQualifyingAsHedgesNetOfTax;OtherComprehensiveIncomeLossForeignCurrencyTransactionAndTranslationAdjustmentBeforeTax;OtherComprehensiveIncomeLossForeignCurrencyTransactionAndTranslationAdjustmentNetOfTax;OtherComprehensiveIncomeLossForeignCurrencyTranslationAdjustmentTax;OtherComprehensiveIncomeLossNetOfTax;OtherComprehensiveIncomeLossPensionAndOtherPostretirementBenefitPlansAdjustmentNetOfTax;OtherComprehensiveIncomeLossPensionAndOtherPostretirementBenefitPlansNetUnamortizedGainLossArisingDuringPeriodBeforeTax;OtherComprehensiveIncomeLossPensionAndOtherPostretirementBenefitPlansTax;OtherComprehensiveIncomeLossReclassificationAdjustmentFromAOCIPensionAndOtherPostretirementBenefitPlansForNetGainLossBeforeTax;OtherCostAndExpenseOperating;OtherInventoryNetOfReserves;OtherInventorySupplies;OtherLiabilitiesCurrent;OtherNoncashIncomeExpense;OtherNonoperatingIncome;ParticipatingSecuritiesDistributedAndUndistributedEarningsLossBasic;ParticipatingSecuritiesDistributedAndUndistributedEarningsLossDiluted;PaymentsForProceedsFromOtherInvestingActivities;PaymentsForRepurchaseOfCommonStock;PaymentsOfDividendsCommonStock;PensionAndOtherPostretirementDefinedBenefitPlansLiabilitiesNoncurrent;PrepaidExpenseAndOtherAssetsCurrent;ProceedsFromPaymentsForOtherFinancingActivities;ProfitLoss;PropertyPlantAndEquipmentAndFinanceLeaseRightOfUseAssetAccumulatedDepreciationAndAmortization;PropertyPlantAndEquipmentAndFinanceLeaseRightOfUseAssetAfterAccumulatedDepreciationAndAmortization;PropertyPlantAndEquipmentAndFinanceLeaseRightOfUseAssetBeforeAccumulatedDepreciationAndAmortization;PropertyPlantAndEquipmentGross;PropertyPlantAndEquipmentNet;ReceivablesNetCurrent;RelatedPartyTransactionExpensesFromTransactionsWithRelatedParty;RepaymentsOfDebtAndCapitalLeaseObligations;RetainedEarningsAccumulatedDeficit;RevenueFromContractWithCustomerExcludingAssessedTax;RevenueFromRelatedParties;SalesRevenueNet;SellingGeneralAndAdministrativeExpense;StockholdersEquity;StockholdersEquityIncludingPortionAttributableToNoncontrollingInterest;TaxesExcludingIncomeAndExciseTaxes;TaxesPayableCurrent;TreasuryStockValue;TreasuryStockValueAcquiredCostMethod
2011-03-31;;;1178216777.7223594;;157818338310.39355;6000000.0;519444163.9645744;;;18687432006.783623;624623334.1799628;2000000.0;43211000000.0;;;3645173141.00185;3681782512.5603037;19702479.825028323;657000000.0;1000000.0;658000000.0;;435736817.55030555;-152165094364.2789;39348000000.0;;;59000000.0;;;219000000.0;342000000.0;;-331962848.41107273;84000000.0;;;;;15847080759.610432;;863000000.0;7127000000.0;-29460501695.24438;3383000000.0;193939525.1049149;226351620.08393195;43000000.0;;-12347032116.34785;-2427000000.0;690000000.0;308000000.0;-765433159.4778651;418000000.0;1572000000.0;2903000000.0;470000000.0;453000000.0;701609077.7641943;4000000.0;2000000.0;;;;119595167100.5791;43210999999.96327;;;;;122660685.40419978;-23713295.85386741;1633000000.0;-133000000.0;-1500000000.0;676000000.0;1000000.0;1049000000.0;1049000000.0;-1206365.1844346789;;24000000.0;;4746858.195470024;890954.4906651678;;-118035529.54916306;-19000000.0;259736.47426183743;-16000000.0;-3000000.0;-203441721.21089414;-2000000.0;;12940204818.14478;-1150816905.4171758;231183256.9498384;;58000000.0;1000000.0;;;-1000000.0;;;;-14111352374.374784;;677000000.0;-5735097169.252468;96967078805.37936;101008358541.80664;;;;111000000.0;452587594.90035725;;178463275242.6114;2458000000.0;44779000000.0;323000000.0;7382968585.3396;28416000000.0;;;-10891887663.091537;-1774971557.213034
2011-06-30;;;1029000000.0;;7264117112.352617;6000000.0;540000000.0;8602000000.0;160000000.0;18675512946.598667;31000000.0;2000000.0;46473333333.333336;23128000000.0;1486000000.0;3104000000.0;3131050253.310113;5922556.055034373;1023000000.0;1000000.0;1024000000.0;;390085085.73543775;65556292909.29796;46600000000.0;207000000.0;471000000.0;95666666.66666666;;6008000000.0;226000000.0;342000000.0;1082181473.2531304;-67952495.83506489;21000000.0;72000000.0;;1139272792.1424668;;1693000000.0;;1039000000.0;8581000000.0;9300000000.0;3554000000.0;120928631.51497513;167942905.2119801;31000000.0;3329000000.0;864785654.7509143;-2427000000.0;784000000.0;321666666.6666667;1603112236.392993;588000000.0;1713333333.3333333;2441333333.3333335;374333333.3333333;732333333.3333333;730000000.0;3000000.0;2000000.0;4760000000.0;5040000000.0;4616000000.0;28055000000.0;52998000000.0;14712000000.0;1512000000.0;5971000000.0;;31000000.0;17626733.79427123;1279666666.6666667;-159333333.33333334;-1120333333.3333333;1039000000.0;1000000.0;1049000000.0;1049000000.0;1000000.0;162000000.0;-7000000.0;;1517219.732623858;248717.06521708376;1000000.0;51588790.24884153;-19000000.0;66067.52409341579;-16000000.0;-3000000.0;-276052056.030428;-2000000.0;;1092000000.0;453729844.3880213;280000000.0;461000000.0;98000000.0;9000000.0;;;-833333.3333333334;;;;718000000.0;-55000000.0;1040000000.0;11946336973.409323;32097382130.117607;46294143685.84643;23456000000.0;14854000000.0;;80000000.0;313549754.70055485;;-22805933287.888744;2458000000.0;52594000000.0;347000000.0;24912000000.0;26176000000.0;;1195000000.0;-2872947544.4668274;249528789.67913818
2011-09-30;;;1029000000.0;;4284824903.9843545;5000000.0;540000000.0;8602000000.0;160000000.0;18608000000.0;31000000.0;486000000.0;49735666666.666664;23128000000.0;1486000000.0;3104000000.0;3131050253.3101134;6000000.0;1017000000.0;2000000.0;1019000000.0;;344975774.49043953;64195753525.465836;43905000000.0;207000000.0;471000000.0;132333333.33333333;;6008000000.0;222000000.0;342000000.0;1082181473.2531304;-212732366.602553;21000000.0;72000000.0;;1139272792.142467;;1693000000.0;71000000.0;638000000.0;4615000000.0;9300000000.0;3596000000.0;139291895.6782276;182633516.5425821;-18000000.0;3329000000.0;1123055379.572762;-2427000000.0;856000000.0;335333333.3333333;1560579339.9389634;499000000.0;1854666666.6666667;1979666666.6666665;278666666.6666666;1011666666.6666666;730000000.0;4000000.0;3000000.0;4760000000.0;5040000000.0;4616000000.0;28055000000.0;52998000000.0;14712000000.0;1512000000.0;5971000000.0;;31000000.0;15065519.932671934;926333333.3333334;-185666666.66666666;-740666666.6666666;1049000000.0;2000000.0;1049000000.0;1049000000.0;1000000.0;162000000.0;-15000000.0;;3288311.7928943355;600911.782398291;1000000.0;-61880031.43651907;-36000000.0;16088.440178984602;-32000000.0;4000000.0;-257618415.0474522;-2000000.0;;1092000000.0;412284844.67982143;280000000.0;461000000.0;138000000.0;18000000.0;;;-666666.6666666667;;;;718000000.0;-55000000.0;1051000000.0;15572399921.592546;26295521117.692604;27567089150.31662;23456000000.0;14854000000.0;;97000000.0;265961221.7611971;692000000.0;-21802551288.303852;2107000000.0;50610000000.0;372000000.0;24912000000.0;26372000000.0;;1195000000.0;2388295869.081421;837445139.407707
2012-03-31;;;1029000000.0;;50378677922.19397;5000000.0;540000000.0;8602000000.0;160000000.0;18608000000.0;31000000.0;43000000.0;52998000000.0;23128000000.0;1486000000.0;3104000000.0;3131050253.310113;6000000.0;674000000.0;2000000.0;676000000.0;;349404830.2907157;63080816280.48891;40328000000.0;207000000.0;471000000.0;169000000.0;;6008000000.0;216000000.0;342000000.0;1082181473.2531304;-229765292.57519865;21000000.0;72000000.0;;1139272792.1424668;;1693000000.0;71000000.0;1082000000.0;8535000000.0;9300000000.0;3321000000.0;184704139.81602967;218963311.85282376;15000000.0;3329000000.0;-3243396866.6089892;-2427000000.0;734000000.0;349000000.0;514800447.62739855;431000000.0;1996000000.0;1518000000.0;183000000.0;1291000000.0;730000000.0;13000000.0;2000000.0;4760000000.0;5040000000.0;4616000000.0;28055000000.0;52998000000.0;14712000000.0;1512000000.0;5971000000.0;;31000000.0;-7777327.803084433;573000000.0;-212000000.0;-361000000.0;636000000.0;2000000.0;636000000.0;636000000.0;1000000.0;162000000.0;54000000.0;;3496675.564690862;642346.4550078451;1000000.0;43905427.84428498;34000000.0;447158.03894095466;38000000.0;-3000000.0;-212770035.49864998;-2000000.0;;1092000000.0;401529361.010846;280000000.0;461000000.0;178000000.0;1000000.0;;;-500000.0;;;1081000000.0;718000000.0;-55000000.0;638000000.0;15951075848.099497;21030292106.81375;25968572915.3;23456000000.0;14854000000.0;;99000000.0;261899128.4747243;692000000.0;-21843034608.514072;2137000000.0;45783000000.0;349000000.0;24912000000.0;24943000000.0;;1195000000.0;111000000.0;918169331.8847489
2012-06-30;;;1012000000.0;6245686318.891893;63702012062.55139;6000000.0;538000000.0;7975000000.0;-358000000.0;18608000000.0;49000000.0;275000000.0;48575000000.0;18526000000.0;3374000000.0;3104000000.0;3131050253.310113;6000000.0;1204000000.0;1000000.0;1205000000.0;;312105011.3800899;42738582009.04959;40398000000.0;590000000.0;505000000.0;140000000.0;;5497000000.0;224000000.0;342000000.0;737000000.0;238640171.67255706;245000000.0;12000000.0;;1248441688.8285682;194000000.0;1337000000.0;71000000.0;1451000000.0;8527000000.0;6900000000.0;3389000000.0;174860402.28653604;211088321.8292286;-8000000.0;3344000000.0;1392000000.0;1395000000.0;815000000.0;207000000.0;1924142857.1428654;712000000.0;2152333333.3333335;1826333333.3333333;145666666.66666666;766333333.3333333;728000000.0;83000000.0;2000000.0;5208000000.0;5496000000.0;5061000000.0;29596000000.0;48575000000.0;14371000000.0;3098000000.0;7396000000.0;10498000000.0;31000000.0;-9377412.359346315;187000000.0;-249000000.0;497000000.0;1181000000.0;1000000.0;1181000000.0;1181000000.0;77000000.0;168000000.0;-113000000.0;;-2233328.159713625;-497107.04175488476;-1000000.0;-655183514.8088477;-45000000.0;-596155.337772799;23000000.0;-69000000.0;-221726703.7988458;-40000000.0;;984000000.0;423680332.6983358;288000000.0;941000000.0;130000000.0;77000000.0;;;-333333.3333333334;382000000.0;194000000.0;1081000000.0;713000000.0;-36666666.66666667;1182000000.0;8912953406.897308;6713352037.831039;14468804719.736683;23144000000.0;15169000000.0;7273821266.365059;44000000.0;3000000.0;692000000.0;3912650363.1362305;2099000000.0;46747000000.0;480000000.0;18948000000.0;18979000000.0;;1091000000.0;111000000.0;382000000.0
2012-09-30;;;1185000000.0;6245686318.891893;57555005581.49766;7000000.0;533000000.0;8256000000.0;-129000000.0;18643000000.0;52000000.0;248000000.0;52230000000.0;21873000000.0;1751000000.0;4430000000.0;4480472315.191889;6000000.0;1828000000.0;2000000.0;1830000000.0;;324691789.04098195;49227281852.32681;36189000000.0;585000000.0;562000000.0;111000000.0;;5436000000.0;229000000.0;342000000.0;737000000.0;340837727.5084311;33000000.0;96000000.0;;925069042.7456216;194000000.0;1657000000.0;1000000.0;1449000000.0;8347000000.0;7900000000.0;3312000000.0;209382706.4668504;238706165.1734806;15000000.0;3344000000.0;1392000000.0;1395000000.0;959000000.0;65000000.0;2419428571.428589;848000000.0;2308666666.6666665;2134666666.6666665;108333333.33333333;241666666.66666663;726000000.0;74000000.0;2000000.0;5454000000.0;5743000000.0;5303000000.0;31624000000.0;52230000000.0;16386000000.0;1721000000.0;7393000000.0;10498000000.0;33000000.0;-11282892.104500607;-199000000.0;-286000000.0;1355000000.0;1599000000.0;2000000.0;1598000000.0;1599000000.0;4000000.0;176000000.0;210000000.0;;-3483510.790492786;-745715.0774122081;1000000.0;61763419.741898954;210000000.0;1421750.1752723658;229000000.0;-18000000.0;-186401752.68126827;-10000000.0;;884000000.0;564518208.178182;289000000.0;607000000.0;82000000.0;4000000.0;;;336877281.6864285;382000000.0;194000000.0;1081000000.0;907000000.0;-18333333.333333336;1601000000.0;1898376377.3530154;7562944612.492321;15246963726.316357;23567000000.0;15311000000.0;7273821266.365059;32000000.0;3000000.0;2164000000.0;-1761912022.5235138;1883000000.0;42945000000.0;432000000.0;20573000000.0;20606000000.0;;1392000000.0;111000000.0;382000000.0
2013-03-31;;;1218000000.0;6245686318.891893;51306254371.451996;6000000.0;515000000.0;8528000000.0;-622000000.0;18775000000.0;49000000.0;24000000.0;51151000000.0;21170000000.0;881000000.0;4753000000.0;4809177689.240015;6000000.0;1099000000.0;3000000.0;1102000000.0;;273638218.3358249;50885924925.46175;35243000000.0;13000000.0;315000000.0;82000000.0;;5507000000.0;242000000.0;342000000.0;737000000.0;408969431.3990137;3000000.0;62000000.0;;943000000.0;194000000.0;1522000000.0;9000000.0;1750000000.0;8140000000.0;8100000000.0;3258000000.0;225768433.45505506;251814746.76404443;-2000000.0;3344000000.0;1392000000.0;1395000000.0;1039000000.0;-77000000.0;2070857142.857153;663000000.0;2465000000.0;2443000000.0;71000000.0;-283000000.0;727000000.0;70000000.0;2000000.0;5517000000.0;5811000000.0;5387000000.0;29773000000.0;51151000000.0;14951000000.0;8498000000.0;6958000000.0;10498000000.0;34000000.0;-8818121.371006101;-585000000.0;-323000000.0;2213000000.0;1407000000.0;3000000.0;1406000000.0;1407000000.0;23000000.0;155000000.0;-322000000.0;;-4316965.8776788935;-911453.7678504231;0.0;-238432293.5556781;-318000000.0;-1901858.905037317;-308000000.0;-10000000.0;-170290899.1205426;-3000000.0;;978000000.0;450575161.16070396;294000000.0;552000000.0;34000000.0;23000000.0;;;0.0;382000000.0;194000000.0;1339000000.0;696000000.0;0.0;1410000000.0;7537380296.62706;10525883213.710556;16939535268.267582;23785000000.0;15257000000.0;7273821266.365058;24000000.0;3000000.0;3923000000.0;-4447111343.7841835;1749000000.0;41211000000.0;327000000.0;21344000000.0;21378000000.0;;1010000000.0;738000000.0;382000000.0
2013-06-30;;;1267000000.0;5954952503.555512;49179232925.16709;6000000.0;504000000.0;8567000000.0;-566000000.0;18812000000.0;40000000.0;1000000.0;49929000000.0;20529000000.0;878000000.0;4220000000.0;4266762938.875772;6000000.0;1014000000.0;2000000.0;1016000000.0;;321962260.86238354;48899159956.647064;37257000000.0;14000000.0;304000000.0;-49500000.0;;5480000000.0;229000000.0;342000000.0;727000000.0;374903579.45372236;2000000.0;16000000.0;;943000000.0;202750000.0;1958000000.0;17000000.0;975000000.0;8080000000.0;7500000000.0;3428000000.0;208187358.44400167;237749886.7552012;18000000.0;3228000000.0;944000000.0;946000000.0;618000000.0;-215750000.0;1465000000.00001;507000000.0;2225000000.0;2474000000.0;86250000.0;-367000000.0;716000000.0;69000000.0;2000000.0;4735000000.0;5033000000.0;4617000000.0;28239000000.0;49929000000.0;14005000000.0;7548000000.0;6455000000.0;10624000000.0;35000000.0;-6688122.722176194;-777500000.0;-263750000.0;2009250000.0;958000000.0;2000000.0;957000000.0;958000000.0;49000000.0;153000000.0;38000000.0;;-3900238.334085839;-828584.4226313152;1000000.0;-117312142.46310258;37000000.0;347199.87111209205;56000000.0;-18000000.0;-188678084.35507324;-11000000.0;;1032000000.0;460570693.71684635;298000000.0;538000000.0;30750000.0;49000000.0;;;-3250000.0;446500000.0;202750000.0;1328000000.0;1483000000.0;-1000000.0;960000000.0;6656845196.813997;10021101489.474457;16736799490.880478;23246000000.0;14679000000.0;7046497046.96368;28000000.0;4250000.0;4687000000.0;-6029767028.631634;2050000000.0;43190000000.0;368000000.0;21655000000.0;21690000000.0;;825000000.0;1284000000.0;384125000.0
2013-09-30;;;1508000000.0;5682996596.113909;50035572093.518776;6000000.0;505000000.0;8814000000.0;-367000000.0;18839000000.0;40000000.0;1000000.0;50983000000.0;21085000000.0;1098000000.0;5942000000.0;6019179824.667943;6000000.0;734000000.0;5000000.0;739000000.0;;330781950.3046832;52658681015.0374;38717000000.0;24000000.0;571000000.0;-181000000.0;;5633000000.0;233000000.0;342000000.0;943000000.0;374903579.45372236;1000000.0;23000000.0;;943000000.0;211500000.0;2126000000.0;2000000.0;801000000.0;8754000000.0;8000000000.0;3568000000.0;200037006.2450989;231229604.99607828;-1000000.0;3228000000.0;521000000.0;526000000.0;647000000.0;-354500000.0;816000000.0000103;278000000.0;1985000000.0;2505000000.0;101500000.0;-451000000.0;713000000.0;68000000.0;2000000.0;4470000000.0;4737000000.0;4341000000.0;28989000000.0;50983000000.0;14680000000.0;7198000000.0;6132000000.0;10728000000.0;444000000.0;-3004736.025598824;-970000000.0;-204500000.0;1805500000.0;535000000.0;5000000.0;533000000.0;535000000.0;-7000000.0;152000000.0;186000000.0;;-3900238.334085839;-828584.4226313153;454545.4545454546;31000000.0;182000000.0;1000000.0;199000000.0;-17000000.0;-197560423.45775715;-11000000.0;-12000000.0;992000000.0;460732552.0947295;267000000.0;691000000.0;27500000.0;-7000000.0;1000000.0;;-6500000.0;511000000.0;211500000.0;1286000000.0;662000000.0;-2000000.0;540000000.0;7185885502.59762;9547597914.666008;16532888863.937412;23891000000.0;15077000000.0;6833855238.169516;28000000.0;5500000.0;5030000000.0;-7845330563.249977;2066000000.0;44146000000.0;349000000.0;21550000000.0;21994000000.0;;889000000.0;1958000000.0;386250000.0
2013-12-31;;;1370500000.0;5795016529.417235;46292677879.89169;6000000.0;496500000.0;9020500000.0;-145000000.0;18885500000.0;40666666.666666664;1000000.0;50915000000.0;21072000000.0;824500000.0;5634000000.0;5705739406.070971;6000000.0;1173000000.0;5500000.0;1178500000.0;;329913362.81596154;51630186507.602715;36549000000.0;32000000.0;533000000.0;-312500000.0;;5662500000.0;233500000.0;342000000.0;695500000.0;345095959.00159246;0.0;13500000.0;;695500000.0;220250000.0;1974000000.0;-4333333.333333333;951000000.0;8376000000.0;8100000000.0;3545000000.0;217061932.75290668;244849546.20232564;9000000.0;3184500000.0;693500000.0;699000000.0;712500000.0;-493250000.0;1359571428.571447;352000000.0;1745000000.0;2536000000.0;116750000.0;-535000000.0;725000000.0;68000000.0;2000000.0;5056000000.0;5322500000.0;4931500000.0;29003500000.0;50915000000.0;14922000000.0;7035500000.0;6154500000.0;10364500000.0;444000000.0;314981.94609853625;-1162500000.0;-145250000.0;1601750000.0;1053500000.0;5500000.0;1052000000.0;1053500000.0;12000000.0;155000000.0;108500000.0;;-3535601.733441917;-756073.7455645961;-90909.09090909082;31000000.0;106000000.0;1000000.0;119500000.0;-13500000.0;-179614567.8334539;-8000000.0;-12000000.0;1041000000.0;459465499.5773359;266500000.0;684500000.0;24250000.0;12000000.0;1000000.0;;-9750000.0;575500000.0;220250000.0;1039500000.0;683500000.0;-3000000.0;1059000000.0;8144760324.980572;10791801725.58502;17600267864.80203;24434500000.0;15414000000.0;6921443411.791874;31500000.0;6750000.0;5996000000.0;-5750555137.957436;2066500000.0;42214500000.0;375500000.0;21467500000.0;21911500000.0;;1240000000.0;3275000000.0;388375000.0
2014-03-31;;10381000000.0;1233000000.0;5907036462.720563;40067149063.924706;6000000.0;488000000.0;9227000000.0;77000000.0;18932000000.0;41333333.333333336;1000000.0;50847000000.0;21059000000.0;551000000.0;5326000000.0;5392298987.473994;6000000.0;1612000000.0;6000000.0;1618000000.0;;371634997.7995062;41137728183.882095;34381000000.0;40000000.0;495000000.0;-444000000.0;;5692000000.0;234000000.0;342000000.0;448000000.0;315288338.54946256;4333333.333333333;4000000.0;;448000000.0;229000000.0;1822000000.0;-10666666.666666666;1101000000.0;7998000000.0;8200000000.0;3522000000.0;234086859.26071447;258469487.40857324;19000000.0;3141000000.0;866000000.0;872000000.0;778000000.0;-632000000.0;1903142857.1428828;426000000.0;1505000000.0;2567000000.0;132000000.0;-619000000.0;737000000.0;68000000.0;2000000.0;5642000000.0;5908000000.0;5522000000.0;29018000000.0;50847000000.0;15164000000.0;6873000000.0;6177000000.0;10001000000.0;444000000.0;3634112.1230599284;-1355000000.0;-86000000.0;1398000000.0;1572000000.0;6000000.0;1571000000.0;1572000000.0;31000000.0;158000000.0;31000000.0;;-3170965.1327979956;-683563.0684978771;-636363.6363636362;31000000.0;30000000.0;1000000.0;40000000.0;-10000000.0;-161668712.20915067;-5000000.0;-12000000.0;1090000000.0;458198447.05994236;266000000.0;678000000.0;21000000.0;31000000.0;1000000.0;;-13000000.0;640000000.0;229000000.0;793000000.0;705000000.0;-4000000.0;1578000000.0;8367370135.458242;12118205804.959843;18866904456.44551;24978000000.0;15751000000.0;7009031585.414232;35000000.0;8000000.0;6962000000.0;3505353024.914955;2067000000.0;40283000000.0;402000000.0;21385000000.0;21829000000.0;;1591000000.0;4592000000.0;390500000.0
2014-06-30;;10381000000.0;1320000000.0;5907036462.720563;32646750668.767696;6000000.0;504000000.0;9458000000.0;186000000.0;18986000000.0;42000000.0;3000000.0;50822000000.0;20605000000.0;859000000.0;4956000000.0;5015763419.678928;6000000.0;972000000.0;9000000.0;981000000.0;;276284045.81158805;41728696939.77199;39316000000.0;38000000.0;349000000.0;-334500000.0;;5686000000.0;239000000.0;342000000.0;717000000.0;264189560.63152558;8666666.666666666;89000000.0;;717000000.0;239750000.0;2185000000.0;-17000000.0;1162000000.0;8685000000.0;8000000000.0;3743000000.0;186485719.89133656;220388575.91307062;-29000000.0;3140000000.0;863000000.0;872000000.0;764000000.0;-389750000.0;1359000000.000005;487000000.0;1041500000.0;2133750000.0;131500000.0;-885250000.0;735000000.0;66000000.0;2000000.0;4666000000.0;4928000000.0;4529000000.0;28867000000.0;50822000000.0;15120000000.0;7366000000.0;6174000000.0;10038000000.0;444000000.0;11192731.755985618;-1030750000.0;-324000000.0;1386500000.0;863000000.0;9000000.0;861000000.0;863000000.0;17000000.0;212000000.0;96000000.0;;-2545873.8174084155;-559259.0506692156;-1181818.1818181816;96000000.0;98000000.0;-2000000.0;109000000.0;-11000000.0;-210595906.47142404;-6000000.0;-14000000.0;1077000000.0;412097503.6630653;262000000.0;844000000.0;-6750000.0;17000000.0;2000000.0;;-35250000.0;579750000.0;239750000.0;825000000.0;611000000.0;-6500000.0;872000000.0;11554756202.091547;14951436375.931238;22484889817.029915;25550000000.0;16092000000.0;7009031585.414232;41000000.0;229750000.0;7541000000.0;3009152061.74852;1586000000.0;45549000000.0;412000000.0;21511000000.0;21955000000.0;;1085000000.0;5208000000.0;907381287.6039896
2014-09-30;;10381000000.0;1089000000.0;6112298421.43244;37174377631.01953;6000000.0;519000000.0;9589000000.0;-25000000.0;19028000000.0;43000000.0;12000000.0;49650000000.0;18194000000.0;1443000000.0;3108000000.0;3135120908.097087;6000000.0;969000000.0;9000000.0;978000000.0;;252692104.584259;38819631951.11842;33602000000.0;35000000.0;309000000.0;-225000000.0;;5632000000.0;249000000.0;342000000.0;1124000000.0;332321264.5221082;13000000.0;70000000.0;;1124000000.0;250500000.0;1723000000.0;-23333333.333333332;758000000.0;7896000000.0;7400000000.0;3781000000.0;233500000.0;258000000.00000072;-13000000.0;3275000000.0;1180000000.0;1189000000.0;511000000.0;-147500000.0;1727000000.0000057;538000000.0;578000000.0;1700500000.0;131000000.0;-1151500000.0;819000000.0;60000000.0;2000000.0;5412000000.0;5673000000.0;5252000000.0;27456000000.0;49650000000.0;13769000000.0;7613000000.0;6178000000.0;10237000000.0;448000000.0;10128082.501135707;-706500000.0;-562000000.0;1375000000.0;1180000000.0;9000000.0;1178000000.0;1180000000.0;11000000.0;174000000.0;-233000000.0;;-3379328.904594522;-724997.7411074305;;-233000000.0;-225000000.0;-8000000.0;-211000000.0;-14000000.0;-162913726.26747662;-5000000.0;-15000000.0;1104000000.0;393569099.4175116;261000000.0;956000000.0;-34500000.0;11000000.0;2000000.0;1000000.0;-57500000.0;519500000.0;250500000.0;842000000.0;647000000.0;-9000000.0;1189000000.0;9971478539.892456;11872201968.991867;22407020260.19315;26540000000.0;16951000000.0;7169525522.051729;33000000.0;451500000.0;8439000000.0;7576999200.758137;1653000000.0;40417000000.0;401000000.0;21746000000.0;22194000000.0;;945000000.0;5702000000.0;909716068.0793037
2014-12-31;;8673000000.0;908500000.0;6050137071.160073;30888251733.223488;5500000.0;499500000.0;9763500000.0;-359500000.0;19044000000.0;56000000.0;8666666.666666666;49363500000.0;17169000000.0;3943000000.0;4249000000.0;4296275186.081329;6000000.0;896500000.0;9500000.0;906000000.0;;175789567.03557193;34127100310.05058;25148500000.0;35000000.0;294000000.0;-115500000.0;;5557500000.0;251000000.0;342000000.0;3307000000.0;340837727.5084311;225000000.0;51000000.0;;3307000000.0;261250000.0;1371500000.0;;758000000.0;7896000000.0;5300000000.0;3571500000.0;261000000.0;280000000.0;-31000000.0;3274500000.0;1083500000.0;1093000000.0;483500000.0;94750000.0;1504726708.0745406;464500000.0;114500000.0;1267250000.0;130500000.0;-1417750000.0;850500000.0;73000000.0;2000000.0;4661500000.0;4919500000.0;4525000000.0;26969000000.0;49363500000.0;11816500000.0;12347000000.0;7546000000.0;10383000000.0;641500000.0;5788833.992135197;-382250000.0;-800000000.0;1363500000.0;1020173913.0434783;9500000.0;1081500000.0;1083000000.0;40500000.0;252000000.0;-233000000.0;;-3483510.790492786;-745715.0774122076;;-215000000.0;-206500000.0;-8500000.0;-187000000.0;-19500000.0;-146632844.66744214;-7500000.0;-22500000.0;1099000000.0;314736262.87909544;258000000.0;848500000.0;-62250000.0;40500000.0;2000000.0;1000000.0;-79750000.0;459250000.0;261250000.0;1067000000.0;749000000.0;-11500000.0;1031782608.6956522;10662050781.170582;12731053843.42751;24706961538.867958;27198000000.0;17434500000.0;7120921680.041636;32000000.0;673250000.0;9230000000.0;7567629524.427654;1135000000.0;38664700000.0;397500000.0;21753000000.0;22394500000.0;;1028500000.0;6167500000.0;836396496.6554284
2015-03-31;;6965000000.0;728000000.0;5987975720.887707;24602125835.427456;5000000.0;480000000.0;9938000000.0;-694000000.0;19060000000.0;69000000.0;5333333.333333333;49077000000.0;16144000000.0;2108000000.0;5390000000.0;5457429464.065575;6000000.0;824000000.0;10000000.0;834000000.0;;98887029.48688486;29434568668.98273;16695000000.0;35000000.0;279000000.0;-6000000.0;;5483000000.0;253000000.0;342000000.0;1740000000.0;349354190.4947539;101000000.0;32000000.0;;1740000000.0;272000000.0;1020000000.0;-36000000.0;758000000.0;7896000000.0;3200000000.0;3362000000.0;261000000.0;280000000.0;-49000000.0;3274000000.0;987000000.0;997000000.0;456000000.0;337000000.0;1282453416.1490757;391000000.0;-349000000.0;834000000.0;130000000.0;-1684000000.0;882000000.0;86000000.0;2000000.0;3911000000.0;4166000000.0;3798000000.0;26482000000.0;49077000000.0;9864000000.0;11247000000.0;8914000000.0;10529000000.0;835000000.0;1486616.5515010953;-58000000.0;-1038000000.0;1352000000.0;860347826.0869565;10000000.0;985000000.0;986000000.0;70000000.0;330000000.0;-233000000.0;;-3587692.6763910493;-766432.4137169847;;-197000000.0;-188000000.0;-9000000.0;-163000000.0;-25000000.0;-116000000.0;-10000000.0;-30000000.0;1094000000.0;248671067.1081906;255000000.0;741000000.0;-90000000.0;70000000.0;2000000.0;1000000.0;-102000000.0;399000000.0;272000000.0;1292000000.0;851000000.0;-14000000.0;874565217.3913044;11291845002.282724;20233395205.57657;34981890517.756165;27856000000.0;17918000000.0;7072317838.031543;31000000.0;895000000.0;10021000000.0;7558259848.09716;617000000.0;36912400000.0;394000000.0;21760000000.0;22595000000.0;;1112000000.0;6633000000.0;399000000.0
2015-06-30;;7749000000.0;735000000.0;6006106114.717147;24523625323.48578;6000000.0;469000000.0;10177000000.0;-469000000.0;19093000000.0;68000000.0;2000000.0;49874000000.0;16534000000.0;1059000000.0;5089000000.0;5151112691.345804;6000000.0;1237000000.0;13000000.0;1250000000.0;;131431200.94496319;31553756477.7645;22253000000.0;42000000.0;274000000.0;34000000.0;;5447000000.0;274000000.0;342000000.0;702000000.0;349354190.4947539;140000000.0;13000000.0;;702000000.0;278000000.0;1190000000.0;-1000000.0;1173411906.7907016;8819157123.441053;3900000000.0;3463000000.0;261000000.0;280000000.0;-25000000.0;3275000000.0;1012000000.0;1025000000.0;407000000.0;294250000.0;1200751552.7950459;440000000.0;-237250000.0;780500000.0;175000000.0;-1394000000.0;880000000.0;79000000.0;1000000.0;3866000000.0;4126000000.0;3752000000.0;26651000000.0;49874000000.0;10075000000.0;9669000000.0;8923000000.0;10070000000.0;834000000.0;10597377.813020125;-239250000.0;-994000000.0;1078500000.0;700521739.1304348;13000000.0;1010000000.0;1012000000.0;19000000.0;350000000.0;197212409.20507744;;-3587692.6763910493;-766432.4137169848;;212000000.0;211000000.0;1000000.0;225000000.0;-14000000.0;-116000000.0;-10000000.0;-19000000.0;1043000000.0;333080999.9996606;260000000.0;406000000.0;-80250000.0;19000000.0;2000000.0;1000000.0;-66000000.0;397000000.0;278000000.0;1277000000.0;752000000.0;-20250000.0;717347826.0869565;9727947588.1565;22207548354.27753;37410138051.020706;28942000000.0;18765000000.0;7086493958.61782;31000000.0;696250000.0;10726000000.0;7304864015.257984;674000000.0;35160100000.0;406000000.0;22389000000.0;23223000000.0;;774000000.0;6967000000.0;397000000.0
2015-09-30;;6151000000.0;711000000.0;6373246589.763312;25021331579.59376;5000000.0;490000000.0;10381000000.0;-588000000.0;19116000000.0;68000000.0;1000000.0;49415000000.0;15049000000.0;1353650000.0;4822000000.0;4879396484.3153105;6000000.0;1459000000.0;14000000.0;1473000000.0;;142108703.17900068;25794332390.546593;18580000000.0;43000000.0;269000000.0;74000000.0;;5401000000.0;270000000.0;342000000.0;585000000.0;366387116.46739954;130666666.66666667;18066666.666666668;;697062500.0;284000000.0;883000000.0;-15000000.0;857889791.0607523;8125277867.3689995;2300000000.0;3513000000.0;316000000.0;324000000.0;-1000000.0;3275000000.0;1578000000.0;1592000000.0;583000000.0;251500000.0;1473763975.1553223;767000000.0;-125500000.0;727000000.0;220000000.0;-1104000000.0;879000000.0;71000000.0;2000000.0;4124000000.0;4388000000.0;4021000000.0;25383000000.0;49415000000.0;8875000000.0;10129550000.0;8908000000.0;10601000000.0;838000000.0;11000000.0;-420500000.0;-950000000.0;805000000.0;540695652.173913;14000000.0;1577000000.0;1578000000.0;20000000.0;354000000.0;-49545176.837960474;;-3796056.4481875757;-807867.0863265384;;-106000000.0;-111000000.0;5000000.0;-119000000.0;8000000.0;-116000000.0;6000000.0;-98000000.0;1083000000.0;407534685.4245519;264000000.0;532000000.0;-70500000.0;20000000.0;1000000.0;1000000.0;-30000000.0;395000000.0;284000000.0;1249000000.0;641000000.0;-26500000.0;560130434.7826087;6980249709.78955;21976555565.23376;37782306055.48104;29638000000.0;19257000000.0;7373560400.489941;29000000.0;497500000.0;12000000000.0;11991531310.453157;581000000.0;33407800000.0;437000000.0;23194000000.0;24032000000.0;;980000000.0;7340000000.0;395000000.0
2015-12-31;;5607000000.0;707500000.0;5986680692.757032;28429933537.37;5000000.0;489000000.0;10616500000.0;-653000000.0;19129000000.0;54500000.0;500000.0;48830500000.0;13132500000.0;1648300000.0;3272500000.0;2232000000.0;6000000.0;920000000.0;13500000.0;933500000.0;;69277433.01787016;18990066993.4856;15255000000.0;37500000.0;289000000.0;114000000.0;;5745000000.0;275000000.0;342000000.0;468000000.0;349354190.4947539;121333333.33333333;23133333.333333336;;692125000.0;290000000.0;814500000.0;-29000000.0;903035251.0158236;8224559333.253522;1900000000.0;3436500000.0;211000000.0;202500000.0;3000000.0;3275000000.0;981500000.0;995000000.0;458000000.0;208750000.0;1477500000.0000024;482500000.0;-13750000.0;673500000.0;265000000.0;-814000000.0;890000000.0;78500000.0;1500000.0;3984500000.0;4248000000.0;3879500000.0;24993000000.0;48830500000.0;8147000000.0;10590100000.0;8855500000.0;11525000000.0;846500000.0;11000000.0;-601750000.0;-906000000.0;531500000.0;-2496000000.0;13500000.0;980500000.0;981000000.0;19000000.0;342000000.0;-37791969.3164075;;-3587692.6763910493;-766432.4137169847;;-60500000.0;-64000000.0;3500000.0;-61500000.0;-5000000.0;-94000000.0;-2500000.0;-60500000.0;1053000000.0;474132046.03496516;263500000.0;513000000.0;-60750000.0;20000000.0;1000000.0;1000000.0;6000000.0;393000000.0;290000000.0;1279500000.0;644500000.0;-32750000.0;-2427000000.0;6935735651.0801325;19018873073.959015;35200523282.0641;30282500000.0;19666000000.0;7071305257.989664;31000000.0;298750000.0;12217000000.0;20254236704.183693;494000000.0;35294194038.94055;411500000.0;22991000000.0;23837500000.0;;900000000.0;7738500000.0;393000000.0
2016-03-31;;5063000000.0;704000000.0;5600114795.750753;30048691510.911644;5000000.0;488000000.0;10852000000.0;-657000000.0;19142000000.0;41000000.0;0.0;48246000000.0;11216000000.0;1942950000.0;1723000000.0;2232000000.0;6000000.0;381000000.0;13000000.0;394000000.0;;39352850.037157595;16093114891.641733;11930000000.0;32000000.0;309000000.0;154000000.0;;6089000000.0;280000000.0;342000000.0;351000000.0;332321264.5221082;112000000.0;28200000.0;;687187500.0;296000000.0;746000000.0;-43000000.0;948180710.9708949;8323840799.138046;1500000000.0;3360000000.0;106000000.0;81000000.0;7000000.0;3275000000.0;385000000.0;398000000.0;333000000.0;166000000.0;596000000.0000036;198000000.0;98000000.0;620000000.0;310000000.0;-524000000.0;901000000.0;86000000.0;1000000.0;3845000000.0;4108000000.0;3738000000.0;24603000000.0;48246000000.0;7419000000.0;11050650000.0;8803000000.0;12449000000.0;855000000.0;11000000.0;-783000000.0;-862000000.0;258000000.0;-2496000000.0;13000000.0;384000000.0;384000000.0;18000000.0;330000000.0;-26038761.79485429;;-3379328.904594522;-724997.7411074308;-5000000.0;-15000000.0;-17000000.0;2000000.0;-4000000.0;-18000000.0;-72000000.0;-11000000.0;-23000000.0;1023000000.0;544363174.0597878;263000000.0;494000000.0;-51000000.0;20000000.0;1000000.0;1000000.0;42000000.0;391000000.0;296000000.0;1310000000.0;648000000.0;-39000000.0;-2427000000.0;6204693249.629622;16144001636.490734;32822539916.160378;30927000000.0;20075000000.0;6769050115.48939;33000000.0;100000000.0;12434000000.0;22985388137.85179;407000000.0;37180588077.88113;386000000.0;22788000000.0;23643000000.0;;820000000.0;8137000000.0;391000000.0
2016-06-30;;6319000000.0;765000000.0;5321872711.354408;27486620858.67852;5000000.0;486000000.0;11063000000.0;-752000000.0;19370000000.0;41000000.0;2000000.0;50361000000.0;12643000000.0;2237600000.0;2232000000.0;2232000000.0;6000000.0;401000000.0;20000000.0;421000000.0;;61064726.27331278;17631637044.763786;16198000000.0;1532000000.0;317000000.0;238750000.0;;6233000000.0;290000000.0;342000000.0;234000000.0;374903579.45372236;102666666.66666666;33266666.666666668;;682250000.0;303500000.0;987000000.0;-15000000.0;856897583.1496518;8123095857.12978;3000000000.0;3508000000.0;151000000.0;117000000.0;0.0;3275000000.0;496000000.0;516000000.0;435000000.0;177500000.0;720000000.0000023;204000000.0;-50500000.0;770500000.0;255250000.0;-548250000.0;896000000.0;83000000.0;2000000.0;3725000000.0;3993000000.0;3600000000.0;26295000000.0;50361000000.0;10400000000.0;11511200000.0;7330000000.0;12936000000.0;1224000000.0;14250000.0;-758750000.0;-607000000.0;56250000.0;-2496000000.0;20000000.0;494000000.0;495000000.0;17000000.0;364000000.0;-116083701.03862579;;-3900238.334085839;-828584.4226313157;-5000000.0;-107000000.0;-108000000.0;1000000.0;-95000000.0;-18000000.0;-50000000.0;-9000000.0;-24000000.0;994000000.0;522421877.1279648;268000000.0;487000000.0;-39750000.0;18840804.96227865;2000000.0;1000000.0;37500000.0;364500000.0;303500000.0;1343000000.0;821000000.0;-37750000.0;-2427000000.0;6742102313.907999;14496897542.389076;31656547304.471443;31310000000.0;20247000000.0;6397000000.0;28000000.0;268250000.0;12597000000.0;26104267796.458416;549000000.0;39944368207.70964;421000000.0;22842000000.0;24066000000.0;;912000000.0;8379000000.0;364500000.0
2016-09-30;;5767000000.0;795000000.0;5328485239.591492;6604035683.8898735;5000000.0;484000000.0;10915000000.0;-792000000.0;19474000000.0;38000000.0;2000000.0;50254000000.0;11964000000.0;;2337000000.0;2337000000.0;6000000.0;471000000.0;25000000.0;496000000.0;;61586593.20207608;15830623589.160086;15961000000.0;1583000000.0;285000000.0;323500000.0;;6568000000.0;293000000.0;342000000.0;;349354190.4947539;39173168.98037338;;;;311000000.0;900000000.0;-62000000.0;902539147.0602735;8223468328.133914;3000000000.0;3357000000.0;180000000.0;149000000.0;9000000.0;3267000000.0;511000000.0;536000000.0;391000000.0;189000000.0;797000000.0;277000000.0;-199000000.0;921000000.0;200500000.0;-572500000.0;892000000.0;81000000.0;2000000.0;3643000000.0;3905000000.0;3537000000.0;25943000000.0;50254000000.0;10100000000.0;;7275000000.0;13277000000.0;1406000000.0;17500000.0;-734500000.0;-352000000.0;-145500000.0;-2496000000.0;25000000.0;509000000.0;510000000.0;24000000.0;407000000.0;-100707283.95899794;;-3587692.6763910493;-766432.4137169844;3000000.0;-61000000.0;-62000000.0;1000000.0;-40000000.0;-19000000.0;-28000000.0;-9000000.0;-23000000.0;1061000000.0;482047770.4953384;262000000.0;633000000.0;-28500000.0;25435153.859774385;2000000.0;1000000.0;33000000.0;338000000.0;311000000.0;1061000000.0;721000000.0;-36500000.0;-2427000000.0;7258496334.304325;14934904796.601189;31776089767.61023;31362000000.0;20447000000.0;6397000000.0;31000000.0;436500000.0;12775000000.0;28339281403.26217;588000000.0;41026291467.97021;411000000.0;22905000000.0;24311000000.0;;869000000.0;8558000000.0;338000000.0
2016-12-31;;5798000000.0;669000000.0;5332948696.151524;10863268186.329102;5000000.0;497500000.0;11167000000.0;-872000000.0;19521500000.0;36000000.0;2000000.0;50829500000.0;12067000000.0;486932266.6203065;1925000000.0;1986500000.0;6000000.0;524500000.0;26500000.0;551000000.0;;-12054846.434564542;18353000000.0;16820000000.0;1096000000.0;271000000.0;408250000.0;;6911000000.0;304000000.0;342000000.0;0.0;370645347.960561;42451950.69411206;;;103130215.68224469;318500000.0;805500000.0;-52500000.0;945700191.193144;8318385773.539997;3050000000.0;3196500000.0;105000000.0;91500000.0;5000000.0;3268500000.0;523000000.0;549500000.0;378000000.0;200500000.0;797000000.0;255500000.0;-347500000.0;1071500000.0;145750000.0;-596750000.0;893500000.0;93000000.0;2000000.0;3875500000.0;4146000000.0;3770000000.0;26811500000.0;50829500000.0;9415000000.0;;8438000000.0;13318000000.0;1383500000.0;20750000.0;-710250000.0;-97000000.0;-347250000.0;-2496000000.0;26500000.0;521500000.0;522000000.0;238000000.0;439000000.0;-53118763.15253544;;-3848147.3911367077;-818225.7544789265;2500000.0;-17500000.0;-19000000.0;1500000.0;1500000.0;-18000000.0;-21000000.0;-9000000.0;-23000000.0;1165500000.0;470127719.1659623;270500000.0;622500000.0;-17250000.0;227033820.15464377;1500000.0;1000000.0;28500000.0;311500000.0;318500000.0;1141500000.0;650500000.0;-35250000.0;-2427000000.0;8239638626.636618;15721848769.61264;30980135947.43022;32010500000.0;20843500000.0;6397000000.0;28500000.0;604750000.0;12794500000.0;24087000000.0;579500000.0;42355071200.57999;397500000.0;22634500000.0;24018000000.0;;861000000.0;8815500000.0;311500000.0
2017-03-31;5421000000.0;5829000000.0;543000000.0;5328311040.523084;7258330926.371374;5000000.0;511000000.0;11419000000.0;-952000000.0;19569000000.0;34000000.0;2000000.0;51405000000.0;12170000000.0;486932266.6203065;1513000000.0;1636000000.0;6000000.0;578000000.0;28000000.0;606000000.0;;-28901614.781894997;18353000000.0;17679000000.0;609000000.0;257000000.0;493000000.0;;7254000000.0;315000000.0;342000000.0;0.0;391936505.42636806;45730732.407850504;;;103130215.68224336;326000000.0;711000000.0;-43000000.0;988861235.3260144;8413303218.946078;3100000000.0;3036000000.0;30000000.0;34000000.0;1000000.0;3270000000.0;535000000.0;563000000.0;365000000.0;212000000.0;797000000.0;234000000.0;-496000000.0;1222000000.0;91000000.0;-621000000.0;895000000.0;105000000.0;1831577.227468518;4108000000.0;4387000000.0;4003000000.0;27680000000.0;51405000000.0;8730000000.0;;9601000000.0;13359000000.0;1361000000.0;24000000.0;-686000000.0;158000000.0;-549000000.0;-2496000000.0;28000000.0;534000000.0;534000000.0;452000000.0;471000000.0;-5530242.346072905;;-4108602.105882366;-870019.0952408692;2000000.0;26000000.0;24000000.0;2000000.0;43000000.0;-17000000.0;-14000000.0;-9000000.0;-23000000.0;1270000000.0;458207667.83658624;279000000.0;612000000.0;-6000000.0;428632486.44951314;1000000.0;1000000.0;24000000.0;285000000.0;326000000.0;1222000000.0;580000000.0;-34000000.0;-2427000000.0;8238960986.9361515;17307493904.000725;30951059317.420906;32659000000.0;21240000000.0;6383000000.0;26000000.0;773000000.0;12814000000.0;24087000000.0;571000000.0;22894000000.0;384000000.0;22364000000.0;23725000000.0;;853000000.0;9073000000.0;285000000.0
2017-06-30;5421000000.0;5891000000.0;664000000.0;5325161203.747989;7321811491.581222;6000000.0;476000000.0;11701000000.0;-809000000.0;19624000000.0;31000000.0;15000000.0;51828000000.0;12456000000.0;486932266.6203065;2161000000.0;2161000000.0;6000000.0;693000000.0;31000000.0;724000000.0;;-22405112.626920223;18353000000.0;18353000000.0;493000000.0;236000000.0;414600000.0;;7565000000.0;320000000.0;342000000.0;0.0;502650524.24856484;49967927.23791289;;;103130215.68224509;326200000.0;844000000.0;-28000000.0;1064269036.5696502;8579135997.1268215;2600000000.0;3252000000.0;55000000.0;56000000.0;0.0;3270000000.0;550000000.0;581000000.0;462000000.0;145800000.0;848000000.0;267000000.0;-507200000.0;1243600000.0;83000000.0;-770000000.0;889000000.0;107000000.0;1782697.6797444662;3972000000.0;4245000000.0;3863000000.0;28022000000.0;51828000000.0;8874000000.0;;9472000000.0;13507000000.0;1438000000.0;28200000.0;-1030600000.0;55000000.0;-341600000.0;-2496000000.0;31000000.0;548000000.0;549000000.0;18000000.0;413000000.0;-34079560.11132983;;-5462966.6225597905;-1139344.467202969;-2000000.0;102000000.0;95000000.0;7000000.0;143000000.0;-50000000.0;-7000000.0;-30000000.0;-77000000.0;1137000000.0;496836612.9385155;273000000.0;574000000.0;-39400000.0;19782854.80477803;2000000.0;1000000.0;28200000.0;1033750000.0;326200000.0;1250000000.0;456000000.0;-36200000.0;-2427000000.0;6079773952.186505;29654556569.56936;41436479927.0676;32994000000.0;21293000000.0;6369000000.0;13000000.0;619800000.0;13001000000.0;24087000000.0;569000000.0;23034200000.0;439000000.0;22368000000.0;23806000000.0;;893000000.0;9454000000.0;930600000.0
2017-09-30;5421000000.0;6404000000.0;867000000.0;5404667969.936449;7082434946.292078;5000000.0;458000000.0;12045000000.0;-684000000.0;19652000000.0;31000000.0;1000000.0;52712000000.0;12935000000.0;486932266.6203065;1547000000.0;1547000000.0;6000000.0;948000000.0;26000000.0;974000000.0;;-20580391.93912849;19463000000.0;19463000000.0;706000000.0;242000000.0;336200000.0;;7605000000.0;337000000.0;342000000.0;0.0;502650524.24856484;54205122.067975044;;;103130215.68224484;326400000.0;934000000.0;-13000000.0;1056331373.2808462;8561679915.213058;3800000000.0;3376000000.0;110000000.0;112000000.0;-7000000.0;3270000000.0;823000000.0;849000000.0;530000000.0;79600000.0;1256000000.0;407000000.0;-518400000.0;1265200000.0;75000000.0;-919000000.0;884000000.0;112000000.0;1787842.8952943664;4172000000.0;4455000000.0;4059000000.0;28753000000.0;52712000000.0;9905000000.0;;9495000000.0;13899000000.0;1436000000.0;32400000.0;-1375200000.0;-48000000.0;-134200000.0;-2496000000.0;26000000.0;822000000.0;823000000.0;49000000.0;421000000.0;28796279.953838836;;-5462966.6225597905;-1139344.4672029684;0.0;94000000.0;95000000.0;-1000000.0;125000000.0;-30000000.0;0.0;-17000000.0;-45000000.0;1134000000.0;500662693.9991999;283000000.0;545000000.0;-72800000.0;48986399.92225912;1000000.0;0.0;32400000.0;1782500000.0;326400000.0;877000000.0;578000000.0;-38400000.0;-2427000000.0;6651258916.567845;41224066927.775536;51813038372.44624;33348000000.0;21303000000.0;6355000000.0;13000000.0;466600000.0;13464000000.0;25627000000.0;638000000.0;23174400000.0;435000000.0;22523000000.0;23959000000.0;;901000000.0;9915000000.0;1576200000.0
2017-12-31;5413666666.666667;6514666666.666667;802666666.6666666;5325516728.656677;7825254706.437804;5333333.333333333;457333333.3333333;12238333333.333334;-624000000.0;19693000000.0;28666666.666666668;666666.6666666667;52518666666.666664;12665000000.0;576343643.0707747;1312000000.0;1312000000.0;6000000.0;844333333.3333334;37666666.666666664;882000000.0;4700000000.0;1012895.9117788225;20021333333.333332;20021333333.333332;484666666.6666666;286333333.3333333;257800000.0;;5008000000.0;336666666.6666667;342000000.0;89000000.0;494134061.262242;14961190720.307198;-2740238175.6756754;;189787788.77429003;326600000.0;864333333.3333334;-14000000.0;1055339165.3697457;8559497904.973839;4066666666.6666665;3376000000.0;96666666.66666667;98666666.66666667;666666.666666667;3270000000.0;723333333.3333334;761000000.0;494666666.6666667;13400000.0;1076333333.3333333;315333333.3333333;-529600000.0;1286800000.0;67000000.0;-1068000000.0;879666666.6666666;115666666.66666667;1788486.047238104;4265000000.0;4551000000.0;4149000000.0;28446000000.0;52518666666.666664;9682000000.0;;10189666666.666666;13910666666.666666;1749666666.6666667;36600000.0;-1719800000.0;-151000000.0;73200000.0;-2496000000.0;37666666.666666664;722000000.0;723000000.0;36000000.0;424666666.6666667;31704772.248998873;;-5358784.736661527;-1118627.1308981923;1333333.3333333333;93000000.0;92666666.66666667;333333.33333333326;121000000.0;-27000000.0;0.0;-13666666.666666666;-37333333.333333336;1171333333.3333333;-2374985229.4791703;286000000.0;508333333.3333333;-106200000.0;36739751.96976706;1333333.3333333333;333333.3333333333;36600000.0;2531250000.0;326600000.0;877666666.6666666;524000000.0;-40600000.0;-2427000000.0;-333979602.45573187;-32237306668.771584;-3565891217.1650677;33607000000.0;21368666666.666668;6278000000.0;14000000.0;313400000.0;14488333333.333334;25195272727.272728;698000000.0;23314600000.0;418666666.6666667;22323000000.0;24072666666.666668;;936666666.6666666;11240333333.333334;2221800000.0
2018-02-28;5406333333.333333;6625333333.333333;738333333.3333334;5900000000.0;8804231295.067192;5666666.666666667;456666666.6666667;12431666666.666666;-564000000.0;19734000000.0;26333333.333333332;333333.3333333334;52325333333.333336;12395000000.0;665755019.5212429;1077000000.0;1077000000.0;6000000.0;740666666.6666666;49333333.33333333;790000000.0;4700000000.0;22606183.762686178;20579666666.666668;20579666666.666668;263333333.3333333;330666666.6666667;179400000.0;5191000000.0;5063500000.0;336333333.3333333;342000000.0;178000000.0;485617598.2759192;14940369876.494946;-1389550115.141683;;276445361.86633617;326800000.0;794666666.6666666;-15000000.0;1054346957.4586452;8557315894.734618;4333333333.333333;3376000000.0;83333333.33333333;85333333.33333333;8333333.333333334;3270000000.0;623666666.6666666;673000000.0;459333333.3333333;-52800000.0;896666666.6666667;223666666.66666666;-540800000.0;1308400000.0;59000000.0;-1217000000.0;875333333.3333334;119333333.33333333;1789129.1991818417;4358000000.0;4647000000.0;4239000000.0;28139000000.0;52325333333.333336;9459000000.0;;10884333333.333334;13922333333.333334;2063333333.3333335;40800000.0;-2064400000.0;-254000000.0;280600000.0;-2496000000.0;49333333.33333333;622000000.0;623000000.0;23000000.0;428333333.3333333;34613264.54415859;;-5254602.850763264;-1097909.794593415;2666666.6666666665;92000000.0;90333333.33333333;1666666.6666666665;117000000.0;-24000000.0;0.0;-10333333.333333332;-29666666.666666664;1208666666.6666667;-21438032875.80755;289000000.0;471666666.6666667;-139600000.0;24493104.017274987;1666666.6666666665;666666.6666666666;40800000.0;3280000000.0;326800000.0;878333333.3333334;470000000.0;-42800000.0;-2427000000.0;230929269743.34695;-25697874168.563866;-40879163079.77029;33866000000.0;21434333333.333332;6201000000.0;15000000.0;160200000.0;15512666666.666666;24763545454.545456;758000000.0;23454800000.0;402333333.3333333;22123000000.0;24186333333.333332;;972333333.3333334;12565666666.666666;2867400000.0
2018-03-31;5399000000.0;6736000000.0;674000000.0;5900000000.0;9783207883.696577;6000000.0;456000000.0;12625000000.0;-504000000.0;19775000000.0;24000000.0;0.0;52132000000.0;12125000000.0;755166395.9717109;842000000.0;842000000.0;6000000.0;637000000.0;61000000.0;698000000.0;4700000000.0;44199471.613593504;21138000000.0;21138000000.0;42000000.0;375000000.0;101000000.0;5191000000.0;5119000000.0;336000000.0;342000000.0;267000000.0;477101135.2895964;14919549032.682703;-1389550115.1416826;;363102934.9583812;327000000.0;725000000.0;-16000000.0;1053354749.5475448;8555133884.495398;4600000000.0;;70000000.0;72000000.0;16000000.0;3270000000.0;524000000.0;585000000.0;424000000.0;-119000000.0;717000000.0;132000000.0;-552000000.0;1330000000.0;51000000.0;-1366000000.0;871000000.0;123000000.0;1789772.3511255789;4451000000.0;4743000000.0;4329000000.0;27832000000.0;52132000000.0;9236000000.0;;11579000000.0;13934000000.0;2377000000.0;45000000.0;-2409000000.0;-357000000.0;488000000.0;-2496000000.0;61000000.0;522000000.0;523000000.0;10000000.0;432000000.0;37521756.839318626;;-5150420.964865001;-1077192.4582886384;4000000.0;91000000.0;88000000.0;3000000.0;113000000.0;-21000000.0;0.0;-7000000.0;-22000000.0;1246000000.0;-21427929898.84628;292000000.0;435000000.0;-173000000.0;12246456.064782934;2000000.0;1000000.0;45000000.0;3513000000.0;327000000.0;879000000.0;416000000.0;-45000000.0;-2427000000.0;230438285459.03363;-21806526270.697067;-37155828218.3362;34125000000.0;21500000000.0;6124000000.0;16000000.0;7000000.0;16537000000.0;24331818181.81818;818000000.0;23595000000.0;386000000.0;21923000000.0;24300000000.0;;1008000000.0;13891000000.0;3513000000.0
2018-06-30;6006000000.0;8437000000.0;899000000.0;5900000000.0;13257639844.484388;6000000.0;465000000.0;12863000000.0;-680000000.0;19831000000.0;22000000.0;6000000.0;54826000000.0;14579000000.0;844577772.4221792;1884000000.0;1884000000.0;6000000.0;1163000000.0;65000000.0;1228000000.0;220000000.0;178513782.13029352;25747000000.0;21138000000.0;341000000.0;389000000.0;120500000.0;5191000000.0;5119000000.0;337000000.0;342000000.0;356000000.0;477101135.2895964;-343039727.4093771;166814262.19448662;;449760508.0504271;372000000.0;1167000000.0;-17000000.0;763630039.5062077;7917986894.643071;6000000000.0;;81000000.0;83000000.0;14000000.0;3270000000.0;1339000000.0;1404000000.0;743000000.0;-113000000.0;1835000000.0;431000000.0;202500000.0;1445000000.0;147750000.0;-732000000.0;866000000.0;135000000.0;1977572.7186969332;4608000000.0;4901000000.0;4494000000.0;29866000000.0;54826000000.0;11732000000.0;;11023000000.0;14177000000.0;2424000000.0;51000000.0;-1877750000.0;-520750000.0;246500000.0;-2496000000.0;65000000.0;1338000000.0;1339000000.0;13000000.0;469000000.0;-229912904.75867197;;-5150420.964865001;-1077192.4582886384;2000000.0;-201000000.0;-197000000.0;-4000000.0;-176000000.0;-19000000.0;0.0;-5000000.0;-21000000.0;1143000000.0;317699113.37681055;293000000.0;461000000.0;-140250000.0;15072605.592281112;1000000.0;0.0;38250000.0;2720750000.0;336250000.0;885000000.0;621000000.0;43000000.0;-2427000000.0;9997467051.465412;35735295746.413574;57719252227.152504;34328000000.0;21465000000.0;7173000000.0;16000000.0;153250000.0;17500000000.0;23900090909.090908;944000000.0;23595000000.0;432000000.0;22536000000.0;24960000000.0;;1133000000.0;14121000000.0;230000000.0
2018-09-30;6840000000.0;8444000000.0;911000000.0;6500000000.0;11463854791.216196;5000000.0;456000000.0;13156000000.0;-639000000.0;19860000000.0;22000000.0;1000000.0;55884000000.0;15314000000.0;;924000000.0;924000000.0;6000000.0;1533000000.0;76000000.0;1609000000.0;237000000.0;158000000.0;26385000000.0;21138000000.0;316000000.0;353000000.0;140000000.0;5311000000.0;5119000000.0;346000000.0;331000000.0;;467442937.9601908;-26187148.806767464;113474805.54593849;;;370000000.0;1131000000.0;;948180710.970895;8323840799.138046;6600000000.0;;244000000.0;244000000.0;0.0;3270000000.0;1492000000.0;1568000000.0;779000000.0;-107000000.0;1975000000.0;407000000.0;957000000.0;1560000000.0;244500000.0;-98000000.0;874000000.0;125000000.0;1857946.4571617553;5245000000.0;5544000000.0;5153000000.0;30089000000.0;55884000000.0;11974000000.0;;11021000000.0;14311000000.0;2476000000.0;50000000.0;-1346500000.0;-684500000.0;5000000.0;-2496000000.0;76000000.0;1491000000.0;1492000000.0;24000000.0;490000000.0;-163533297.12850446;-3000000.0;-4000000.0;-1000000.0;1000000.0;-15000000.0;-14000000.0;-1000000.0;41000000.0;-54000000.0;-6618006.199120939;-18000000.0;-68000000.0;1206000000.0;382938140.3562622;299000000.0;583000000.0;-107500000.0;25435153.85977437;1000000.0;0.0;31500000.0;1928500000.0;345500000.0;793000000.0;875000000.0;131000000.0;-2427000000.0;12011249378.646662;29982894778.545547;49351737578.46368;34781000000.0;21625000000.0;7971000000.0;12000000.0;299500000.0;18618000000.0;22381283983.71463;955000000.0;23595000000.0;440000000.0;23319000000.0;25795000000.0;128000000.0;1151000000.0;14526000000.0;405000000.0
2018-12-31;7071500000.0;8377000000.0;807000000.0;6099500000.0;11097276301.687513;5500000.0;451000000.0;13299500000.0;-674000000.0;19869500000.0;28500000.0;1000000.0;56869500000.0;15064500000.0;;1088500000.0;1088500000.0;6000000.0;904500000.0;71000000.0;975500000.0;248000000.0;158000000.0;23720000000.0;18580000000.0;173000000.0;958000000.0;159500000.0;5383500000.0;;338500000.0;331000000.0;;475053257.002068;0.0;89000000.0;;;367000000.0;1028000000.0;;983900195.770512;8402393167.749977;5850000000.0;;148500000.0;133000000.0;-2500000.0;3270000000.0;848000000.0;919000000.0;647500000.0;-101000000.0;1157500000.0;238500000.0;1711500000.0;1675000000.0;341250000.0;536000000.0;869000000.0;122000000.0;1834792.9871872058;5142000000.0;5444000000.0;5042000000.0;30599500000.0;56869500000.0;11651000000.0;;11144500000.0;14548500000.0;2502000000.0;53000000.0;-815250000.0;-848250000.0;-236500000.0;-2496000000.0;71000000.0;847000000.0;847500000.0;31000000.0;1173500000.0;-61134546.19509882;-3000000.0;-4000000.0;-1000000.0;1000000.0;21000000.0;21500000.0;-500000.0;56500000.0;-36000000.0;;-11500000.0;-43500000.0;1256500000.0;312000000.0;305000000.0;785500000.0;-74750000.0;32029502.7572701;1000000.0;500000.0;24750000.0;1136250000.0;354750000.0;834000000.0;895000000.0;219000000.0;-2427000000.0;15580264056.111092;27861102417.49536;46606471342.02648;35243500000.0;21944000000.0;7637000000.0;10500000.0;445750000.0;19513000000.0;22702188329.20655;819000000.0;55146706554.18438;403000000.0;23768000000.0;26270000000.0;128000000.0;1045500000.0;14946500000.0;374500000.0
2019-03-31;7303000000.0;8310000000.0;703000000.0;5699000000.0;10730697812.158829;6000000.0;446000000.0;13443000000.0;-709000000.0;19879000000.0;35000000.0;1000000.0;57855000000.0;14815000000.0;804789272.0410184;1253000000.0;1253000000.0;6000000.0;276000000.0;66000000.0;342000000.0;259000000.0;158000000.0;21055000000.0;18580000000.0;30000000.0;1563000000.0;179000000.0;5456000000.0;;331000000.0;331000000.0;623000000.0;482663576.0439441;11000000.0;35000000.0;;623000000.0;364000000.0;925000000.0;;1019619680.5701288;8480945536.361908;5100000000.0;;53000000.0;22000000.0;-5000000.0;3270000000.0;204000000.0;270000000.0;516000000.0;-95000000.0;340000000.0;70000000.0;2466000000.0;1790000000.0;438000000.0;1170000000.0;864000000.0;119000000.0;1811639.517212654;5039000000.0;5344000000.0;4931000000.0;31110000000.0;57855000000.0;11328000000.0;;11268000000.0;14786000000.0;2528000000.0;56000000.0;-284000000.0;-1012000000.0;-478000000.0;-2496000000.0;66000000.0;203000000.0;203000000.0;38000000.0;1857000000.0;41264204.738307126;-3000000.0;-4000000.0;-1000000.0;1000000.0;57000000.0;57000000.0;0.0;72000000.0;-18000000.0;;-5000000.0;-19000000.0;1307000000.0;312000000.0;305000000.0;988000000.0;-42000000.0;38623851.65476584;1000000.0;1000000.0;18000000.0;344000000.0;364000000.0;875000000.0;915000000.0;307000000.0;-2427000000.0;18287322852.341263;25739310056.44516;43931999969.53421;35706000000.0;22263000000.0;7303000000.0;9000000.0;592000000.0;20408000000.0;23023092674.698467;683000000.0;55861877353.943306;366000000.0;24217000000.0;26745000000.0;128000000.0;940000000.0;15367000000.0;344000000.0
2019-06-30;6727000000.0;7300000000.0;700000000.0;5385000000.0;10961588774.25075;5000000.0;463000000.0;13733000000.0;-767000000.0;19912000000.0;41000000.0;2000000.0;57781000000.0;14295000000.0;1158137548.1783857;1819000000.0;1819000000.0;6000000.0;1366000000.0;80000000.0;1446000000.0;287000000.0;77000000.0;24554000000.0;18580000000.0;667000000.0;1459000000.0;122500000.0;5533000000.0;;334000000.0;334000000.0;945000000.0;493441547.84923756;22000000.0;20000000.0;;945000000.0;406000000.0;822000000.0;;901546939.1491729;8221286317.894692;4600000000.0;;91000000.0;51000000.0;-9000000.0;3270000000.0;1424000000.0;1504000000.0;648000000.0;-70250000.0;1829000000.0;325000000.0;1039750000.0;1747500000.0;351000000.0;-97500000.0;871000000.0;115000000.0;1888174.5985174184;4781000000.0;5093000000.0;4678000000.0;30475000000.0;57781000000.0;11171000000.0;;10772000000.0;15006000000.0;2554000000.0;61000000.0;-144000000.0;-978250000.0;-304250000.0;-2496000000.0;80000000.0;1422000000.0;1423000000.0;23000000.0;1836000000.0;-44492430.92797491;-7000000.0;-7000000.0;0.0;;-62000000.0;-63000000.0;1000000.0;-58000000.0;-12000000.0;0.0;-4000000.0;-15000000.0;1165000000.0;312000000.0;305000000.0;916000000.0;3250000.0;24493104.017275006;2000000.0;1000000.0;9750000.0;368750000.0;372000000.0;906000000.0;656000000.0;224750000.0;-2427000000.0;16105507627.888327;22889588206.64198;40703171839.82889;36236000000.0;22503000000.0;6727000000.0;8000000.0;445750000.0;21423000000.0;23170821250.5341;796000000.0;55384471269.29184;408000000.0;24752000000.0;27306000000.0;97000000.0;1086000000.0;15822000000.0;455000000.0
2019-09-30;7086000000.0;7738000000.0;635000000.0;5585000000.0;4559000000.0;6000000.0;447000000.0;13959000000.0;-871000000.0;20253000000.0;41000000.0;853000000.0;58741000000.0;15617000000.0;1598176861.0078442;2268000000.0;2268000000.0;6000000.0;608000000.0;81000000.0;689000000.0;311000000.0;218000000.0;23806000000.0;18580000000.0;842000000.0;1458000000.0;66000000.0;5503000000.0;;336000000.0;336000000.0;1346000000.0;455000000.0;70000000.0;5000000.0;0.0;1346000000.0;402000000.0;719000000.0;;844991088.2164462;8096911734.259135;4400000000.0;;117000000.0;82000000.0;9000000.0;3270000000.0;712000000.0;793000000.0;499000000.0;-45500000.0;943000000.0;150000000.0;-386500000.0;1705000000.0;264000000.0;-1365000000.0;872000000.0;109000000.0;1924834.2593104565;5208000000.0;5521000000.0;5103000000.0;31649000000.0;58741000000.0;12083000000.0;;11083000000.0;14147000000.0;2235000000.0;59000000.0;-4000000.0;-944500000.0;-130500000.0;-2496000000.0;81000000.0;710000000.0;711000000.0;36000000.0;1881000000.0;-128799742.04059453;-1000000.0;-2000000.0;-1000000.0;;-119000000.0;-118000000.0;-1000000.0;-104000000.0;-15000000.0;0.0;-4000000.0;-17000000.0;1206000000.0;313000000.0;305000000.0;1116000000.0;48500000.0;36739751.969767064;2000000.0;1000000.0;1500000.0;393500000.0;380000000.0;905000000.0;742000000.0;142500000.0;-2427000000.0;11423872916.741035;28123344402.878204;46803783215.84017;36913000000.0;22954000000.0;7086000000.0;8000000.0;299500000.0;21730000000.0;21665229091.25374;756000000.0;51591450475.50826;416000000.0;24857000000.0;27092000000.0;105000000.0;1128000000.0;16261000000.0;439000000.0
2019-12-31;5566000000.0;6310000000.0;537500000.0;6902000000.0;4559000000.0;6000000.0;444500000.0;13959000000.0;-931000000.0;20279000000.0;41000000.0;1929500000.0;56100500000.0;13661000000.0;4249934964.3803735;1744500000.0;1744500000.0;6000000.0;-1048000000.0;75000000.0;-973000000.0;334000000.0;0.0;21123000000.0;18580000000.0;1542500000.0;1454000000.0;9500000.0;5495000000.0;;336000000.0;339000000.0;3762500000.0;455000000.0;70000000.0;5000000.0;0.0;3762500000.0;399000000.0;1660350374.8066225;;793892380.7947719;7984538206.93929;3400000000.0;;117000000.0;82000000.0;4500000.0;2347500000.0;-892000000.0;-817000000.0;432000000.0;-20750000.0;-767500000.0;49500000.0;-1812750000.0;1662500000.0;177000000.0;-2632500000.0;876000000.0;110000000.0;1957956.5844129384;5108000000.0;5426000000.0;4991000000.0;30735000000.0;56100500000.0;11306000000.0;;10901500000.0;13891000000.0;2251000000.0;60000000.0;136000000.0;-910750000.0;43250000.0;-2496000000.0;75000000.0;-893500000.0;-893000000.0;18000000.0;1822500000.0;-178239596.768719;-4000000.0;-5500000.0;-1500000.0;;-170500000.0;-169500000.0;-1000000.0;-156000000.0;-17500000.0;-100000000.0;-4500000.0;-20000000.0;1273500000.0;318000000.0;295153623.9445566;1538000000.0;93750000.0;19782854.80477805;1500000.0;1000000.0;-6750000.0;418250000.0;388000000.0;952500000.0;668000000.0;60250000.0;-2427000000.0;14855000000.0;24282000000.0;39137000000.0;36913000000.0;22954000000.0;8510000000.0;29500000.0;153250000.0;20449000000.0;18451628409.04866;645000000.0;54142657485.986885;367500000.0;23114500000.0;25365500000.0;131000000.0;915500000.0;16688500000.0;441000000.0
2020-03-31;4046000000.0;4882000000.0;440000000.0;3344000000.0;4559000000.0;6000000.0;442000000.0;13959000000.0;-991000000.0;20305000000.0;41000000.0;3006000000.0;53460000000.0;11705000000.0;6952000000.0;1221000000.0;1221000000.0;6000000.0;-2704000000.0;69000000.0;-2635000000.0;357000000.0;0.0;18440000000.0;18580000000.0;2243000000.0;1450000000.0;-47000000.0;5487000000.0;;336000000.0;342000000.0;6179000000.0;455000000.0;70000000.0;5000000.0;0.0;6179000000.0;396000000.0;513000000.0;;742793673.3730978;7872164679.619445;2400000000.0;;117000000.0;82000000.0;0.0;1425000000.0;-2496000000.0;-2427000000.0;365000000.0;4000000.0;-2478000000.0;-51000000.0;-3239000000.0;1620000000.0;90000000.0;-3900000000.0;880000000.0;111000000.0;1991078.9095154204;5008000000.0;5331000000.0;4879000000.0;29821000000.0;53460000000.0;10529000000.0;18880000000.0;10720000000.0;13635000000.0;2267000000.0;61000000.0;276000000.0;-877000000.0;217000000.0;-2496000000.0;69000000.0;-2497000000.0;-2497000000.0;0.0;1764000000.0;-227679451.49684322;-7000000.0;-9000000.0;-2000000.0;;-222000000.0;-221000000.0;-1000000.0;-208000000.0;-20000000.0;-200000000.0;-5000000.0;-23000000.0;1341000000.0;323000000.0;284267384.426026;1960000000.0;139000000.0;2825957.63978903;1000000.0;1000000.0;-15000000.0;443000000.0;396000000.0;1000000000.0;594000000.0;-22000000.0;-2427000000.0;14855000000.0;24282000000.0;39137000000.0;36913000000.0;22954000000.0;4559000000.0;51000000.0;7000000.0;19168000000.0;20878000000.0;534000000.0;55629634961.55707;319000000.0;21372000000.0;23639000000.0;157000000.0;703000000.0;17116000000.0;443000000.0
2020-06-30;3995000000.0;4902000000.0;466000000.0;3237000000.0;4852000000.0;5000000.0;429000000.0;;-1148000000.0;20342000000.0;39000000.0;0.0;54518000000.0;12499000000.0;1401000000.0;1890000000.0;1890000000.0;6000000.0;-298000000.0;74000000.0;-224000000.0;376000000.0;0.0;9608000000.0;18580000000.0;1783000000.0;1081000000.0;-61000000.0;5471000000.0;;270000000.0;343000000.0;1241000000.0;0.0;89930254.2818613;1941008.6090102196;168000000.0;1241000000.0;393000000.0;857000000.0;;988861235.3260143;8413303218.946078;1400000000.0;;367634427.8594541;365307542.28755546;-6000000.0;1425000000.0;-141000000.0;-2427000000.0;157000000.0;-51250000.0;-445000000.0;-378000000.0;-1734500000.0;1309250000.0;138250000.0;-2490000000.0;874000000.0;117000000.0;1831577.2274685167;4806000000.0;5136000000.0;4701000000.0;31223000000.0;54518000000.0;10023000000.0;17242000000.0;12663000000.0;13628000000.0;2580000000.0;66000000.0;-29250000.0;-774500000.0;230500000.0;-141000000.0;74000000.0;-143000000.0;-143000000.0;28000000.0;1810000000.0;676790849.2295156;0.0;0.0;0.0;;26000000.0;26000000.0;0.0;-157000000.0;183000000.0;-300000000.0;59000000.0;-55000000.0;1026000000.0;330000000.0;286255751.1000633;1431000000.0;69750000.0;29203353.229771942;2000000.0;2000000.0;-1500000.0;332250000.0;395500000.0;1360000000.0;621000000.0;-21500000.0;-67000000.0;14855000000.0;24282000000.0;39137000000.0;;;4852000000.0;55000000.0;236500000.0;18631000000.0;10913000000.0;353000000.0;56663181594.64661;409000000.0;20715000000.0;23295000000.0;114000000.0;1046000000.0;17116000000.0;395875000.0
2020-09-30;5195000000.0;4905000000.0;552000000.0;3410000000.0;5963000000.0;6000000.0;428000000.0;;-967000000.0;20363000000.0;37000000.0;1140000000.0;54281000000.0;12822000000.0;1090000000.0;1462000000.0;1462000000.0;6000000.0;-618000000.0;73000000.0;-545000000.0;389000000.0;29625000.0;14509000000.0;18580000000.0;1860000000.0;1252000000.0;-75000000.0;5507000000.0;;270000000.0;352000000.0;849000000.0;20000000.0;-93590148.3382721;-16805310.21166134;20000000.0;849000000.0;393000000.0;768000000.0;;1116856055.857975;8694782539.805496;1600000000.0;;436170431.9382204;420136345.550568;-4000000.0;1425000000.0;-799000000.0;-2427000000.0;349000000.0;-106500000.0;-1350000000.0;-624000000.0;-230000000.0;998500000.0;186500000.0;-1080000000.0;849000000.0;132000000.0;1748610.6267263787;4561000000.0;4897000000.0;4436000000.0;31976000000.0;54281000000.0;10513000000.0;16550000000.0;12666000000.0;13767000000.0;2583000000.0;70000000.0;-334500000.0;-672000000.0;244000000.0;-799000000.0;73000000.0;-801000000.0;-801000000.0;20000000.0;1929000000.0;82946235.82920417;2000000.0;2000000.0;0.0;;155000000.0;151000000.0;4000000.0;181000000.0;-28000000.0;0.0;-10000000.0;-34000000.0;1016000000.0;336000000.0;297230431.89618826;1524000000.0;500000.0;21666954.489776824;2000000.0;2000000.0;12000000.0;221500000.0;395000000.0;1394000000.0;500000000.0;-21000000.0;-726000000.0;16191000000.0;23489000000.0;39680000000.0;;;5963000000.0;65000000.0;466000000.0;17436000000.0;15929000000.0;450000000.0;59390556734.812164;384000000.0;19722000000.0;22305000000.0;106000000.0;1229000000.0;17116000000.0;348750000.0
2020-12-31;6178000000.0;6194500000.0;657000000.0;3911000000.0;7064000000.0;6000000.0;432500000.0;;-873500000.0;20391500000.0;44000000.0;669000000.0;54888500000.0;13620000000.0;1173000000.0;1406500000.0;1406500000.0;6000000.0;-631500000.0;44000000.0;-587500000.0;401500000.0;59250000.0;17287000000.0;18580000000.0;1188000000.0;1187000000.0;-89000000.0;5527000000.0;;270000000.0;354000000.0;948500000.0;14000000.0;-112158373.59630775;-29053446.360135555;49000000.0;948500000.0;393500000.0;886000000.0;;1032518383.414435;8509311669.471771;2900000000.0;;430121396.13949406;415297116.9115877;-2000000.0;1425000000.0;-726500000.0;-2427000000.0;317000000.0;-161750000.0;-1060500000.0;-378000000.0;1274500000.0;687750000.0;234750000.0;330000000.0;842500000.0;139000000.0;1803278.5419440675;4238000000.0;4585000000.0;4088000000.0;33507500000.0;54888500000.0;10972000000.0;17115000000.0;13786000000.0;13571500000.0;2530500000.0;73000000.0;-639750000.0;-569500000.0;257500000.0;-726500000.0;44000000.0;-728500000.0;-728500000.0;17500000.0;1846500000.0;11225986.0158851;2000000.0;2000000.0;0.0;;70000000.0;68000000.0;2000000.0;95000000.0;-25000000.0;70000000.0;-8000000.0;-28000000.0;1198000000.0;347000000.0;306071214.24679834;1364000000.0;-68750000.0;19311829.883528367;2000000.0;2000000.0;25500000.0;110750000.0;394500000.0;1372500000.0;564500000.0;-20500000.0;-682500000.0;16509000000.0;23583000000.0;40092000000.0;;;5963000000.0;66500000.0;695500000.0;16442500000.0;18778000000.0;610000000.0;57239596635.238434;396000000.0;18850500000.0;21381000000.0;122500000.0;1189000000.0;17116000000.0;301625000.0
2021-03-31;7161000000.0;7484000000.0;762000000.0;5375000000.0;8165000000.0;6000000.0;437000000.0;;-780000000.0;20420000000.0;51000000.0;198000000.0;55496000000.0;14418000000.0;1256000000.0;1351000000.0;1351000000.0;6000000.0;-645000000.0;15000000.0;-630000000.0;414000000.0;88875000.0;20065000000.0;18580000000.0;516000000.0;1122000000.0;-103000000.0;5547000000.0;;270000000.0;356000000.0;1048000000.0;8000000.0;-130726598.85434055;-41301582.50860977;78000000.0;1048000000.0;394000000.0;1004000000.0;-28000000.0;948180710.9708952;8323840799.138046;4200000000.0;;424072360.34076774;410457888.27260745;0.0;1425000000.0;-654000000.0;-2427000000.0;285000000.0;-217000000.0;-771000000.0;-132000000.0;2779000000.0;377000000.0;283000000.0;1740000000.0;836000000.0;146000000.0;1857946.4571617553;3915000000.0;4273000000.0;3740000000.0;35039000000.0;55496000000.0;11431000000.0;17680000000.0;14906000000.0;13376000000.0;2478000000.0;76000000.0;-945000000.0;-467000000.0;271000000.0;-654000000.0;15000000.0;-656000000.0;-656000000.0;15000000.0;1764000000.0;-60494263.79743384;2000000.0;2000000.0;0.0;;-15000000.0;-15000000.0;0.0;9000000.0;-22000000.0;140000000.0;-6000000.0;-22000000.0;1380000000.0;358000000.0;314911996.5974084;1204000000.0;-138000000.0;16956705.277279876;2000000.0;2000000.0;39000000.0;0.0;394000000.0;1351000000.0;629000000.0;-20000000.0;-639000000.0;16827000000.0;23677000000.0;40504000000.0;;;5963000000.0;68000000.0;925000000.0;15449000000.0;21627000000.0;770000000.0;55088636535.6647;408000000.0;17979000000.0;20457000000.0;139000000.0;1149000000.0;17116000000.0;254500000.0
2021-06-30;6627000000.0;8066000000.0;879000000.0;5948000000.0;8062000000.0;6000000.0;455000000.0;;-549000000.0;20463000000.0;46000000.0;0.0;56977000000.0;15780000000.0;1882000000.0;2207000000.0;2207000000.0;6000000.0;527000000.0;78000000.0;605000000.0;426000000.0;118500000.0;25218000000.0;18580000000.0;2489000000.0;1179000000.0;-21333333.33333333;5879000000.0;;270000000.0;364000000.0;1704000000.0;0.0;-304462602.1424475;-176703402.44622946;152000000.0;1704000000.0;394000000.0;1435000000.0;-54000000.0;981915779.948311;8398029147.271537;5800000000.0;;321945185.78605914;328756148.62883973;9000000.0;1425000000.0;296000000.0;-2427000000.0;830000000.0;-111333333.33333333;436000000.0;62000000.0;3455666666.6666665;635333333.3333334;471666666.6666666;2174000000.0;825000000.0;143000000.0;1836079.2910746797;4365000000.0;4752000000.0;4170000000.0;36375000000.0;56977000000.0;14551000000.0;18874000000.0;12924000000.0;13520000000.0;2453000000.0;82000000.0;-800666666.6666666;-454000000.0;559333333.3333333;296000000.0;78000000.0;291000000.0;291000000.0;51000000.0;1739000000.0;-659391419.4555697;0.0;1000000.0;1000000.0;;19000000.0;19000000.0;0.0;231000000.0;-212000000.0;210000000.0;-68000000.0;-47000000.0;1175000000.0;387000000.0;314482282.881251;1343000000.0;-105333333.33333333;50870499.60725791;3000000.0;3000000.0;50666666.666666664;0.0;397333333.3333333;1148000000.0;759000000.0;-23333333.333333332;374000000.0;17184000000.0;23688000000.0;40872000000.0;;;7041060897.605498;67000000.0;624666666.6666667;15345000000.0;27002000000.0;959000000.0;52919980064.37546;433000000.0;18149000000.0;20602000000.0;119000000.0;1362000000.0;17116000000.0;403441897.20139265
2021-09-30;6527000000.0;8203000000.0;1012000000.0;6341000000.0;8006000000.0;6000000.0;453000000.0;;-589000000.0;20488000000.0;36000000.0;1298000000.0;56407000000.0;16019000000.0;2573000000.0;2897000000.0;2897000000.0;6000000.0;362000000.0;86000000.0;448000000.0;435000000.0;126890371.30726588;27529000000.0;18580000000.0;1489000000.0;1231000000.0;60333333.33333334;5434000000.0;;270000000.0;361000000.0;2001000000.0;4000000.0;-199605735.2100172;-3930391.4111185074;145000000.0;2001000000.0;394000000.0;1479000000.0;-17000000.0;889640444.2159673;8195102195.024049;6100000000.0;;310499852.7179038;319599882.17431426;-4000000.0;1425000000.0;402000000.0;-2427000000.0;982000000.0;-5666666.666666657;448000000.0;-40000000.0;4132333333.333333;893666666.6666667;660333333.3333333;2608000000.0;822000000.0;151000000.0;1895892.4218422691;4015000000.0;4400000000.0;3828000000.0;35810000000.0;56407000000.0;13921000000.0;18548000000.0;13421000000.0;14059000000.0;2458000000.0;81000000.0;-656333333.3333333;-441000000.0;847666666.6666666;402000000.0;86000000.0;400000000.0;400000000.0;238000000.0;1705000000.0;-143421763.62772372;0.0;0.0;0.0;;-74000000.0;-72000000.0;-2000000.0;-40000000.0;-32000000.0;0.0;-8000000.0;-36000000.0;1166000000.0;385000000.0;312337327.8346348;1466000000.0;-72666666.66666666;227033820.15464386;2000000.0;2000000.0;62333333.33333333;0.0;400666666.6666667;1123000000.0;716000000.0;-26666666.666666668;488000000.0;18762000000.0;22377000000.0;41139000000.0;;;7348346853.046827;80000000.0;324333333.3333334;15350000000.0;30243000000.0;1005000000.0;56561572633.82266;424000000.0;18139000000.0;20597000000.0;85000000.0;1287000000.0;17116000000.0;352736708.1693057
2022-03-31;8749000000.0;12047000000.0;1137000000.0;6341000000.0;10455000000.0;6000000.0;436000000.0;;-514000000.0;19667000000.0;44000000.0;0.0;60638000000.0;19854000000.0;6154000000.0;3335000000.0;3335000000.0;7000000.0;513000000.0;75000000.0;588000000.0;471000000.0;176576635.07678622;33495000000.0;18580000000.0;1474000000.0;925000000.0;142000000.0;5264000000.0;;270000000.0;338000000.0;5429000000.0;8000000.0;473913762.03216267;50760722.84286356;142000000.0;5429000000.0;404000000.0;1706000000.0;40000000.0;881702780.9271636;8177646113.110287;9400000000.0;;292333248.23366797;305066598.58692485;2000000.0;1484000000.0;582000000.0;-2427000000.0;685000000.0;100000000.0;828000000.0;171000000.0;4809000000.0;1152000000.0;849000000.0;3042000000.0;819000000.0;135000000.0;1901037.6373921684;4152000000.0;4530000000.0;3923000000.0;38517000000.0;60638000000.0;17603000000.0;20256000000.0;12960000000.0;14465000000.0;306000000.0;77000000.0;-512000000.0;-428000000.0;1136000000.0;582000000.0;75000000.0;580000000.0;580000000.0;-143000000.0;1683000000.0;-89986423.18919265;0.0;0.0;0.0;;-82000000.0;-82000000.0;0.0;-69000000.0;-13000000.0;-6500000.0;-3000000.0;-11000000.0;1340000000.0;378000000.0;326747788.45173025;1207000000.0;-40000000.0;-131887169.83762363;2000000.0;2000000.0;74000000.0;0.0;404000000.0;1049000000.0;1534000000.0;-30000000.0;657000000.0;17641000000.0;22333000000.0;39974000000.0;;;7348346853.046826;70000000.0;24000000.0;16391000000.0;36179000000.0;1340000000.0;47778374587.52084;433000000.0;21815000000.0;22121000000.0;149000000.0;1363000000.0;13736000000.0;345806308.1255169
2022-06-30;10759000000.0;12513000000.0;1139000000.0;6341000000.0;13393000000.0;6000000.0;430000000.0;;-733000000.0;19717000000.0;62000000.0;2000000.0;62812000000.0;22492000000.0;4426000000.0;2809000000.0;2809000000.0;7000000.0;2948000000.0;15000000.0;2963000000.0;480000000.0;179032582.35643756;42645000000.0;18580000000.0;526000000.0;1065000000.0;143000000.0;5444000000.0;;270000000.0;359000000.0;3886000000.0;0.0;282169894.88995934;-23516316.543788433;106000000.0;3886000000.0;467000000.0;2634000000.0;3000000.0;719972891.4177871;7821978444.117378;10500000000.0;;26384117.79980111;92307294.23983346;-21000000.0;1486000000.0;3167000000.0;-2427000000.0;917000000.0;135500000.0;4106000000.0;924000000.0;3422000000.0;1364750000.0;519500000.0;1865750000.0;812000000.0;133000000.0;2005871.4042213843;4223000000.0;4580000000.0;4005000000.0;38239000000.0;62812000000.0;17608000000.0;16162000000.0;12443000000.0;14176000000.0;297000000.0;24000000.0;-413250000.0;-387250000.0;1151750000.0;3167000000.0;15000000.0;3164000000.0;3167000000.0;-185000000.0;1617000000.0;-281601181.18254054;0.0;0.0;0.0;;-245000000.0;-242000000.0;-3000000.0;-219000000.0;-23000000.0;-13000000.0;-5000000.0;-40000000.0;1431000000.0;357000000.0;316945330.474141;1213000000.0;-33500000.0;-171453263.22259814;3000000.0;0.0;61500000.0;200000000.0;424500000.0;971000000.0;1710000000.0;-34500000.0;3182000000.0;17697000000.0;22229000000.0;39926000000.0;;;7348346853.046825;70000000.0;323750000.0;19087000000.0;48577000000.0;1975000000.0;40394269546.39398;488000000.0;24276000000.0;24573000000.0;118000000.0;1723000000.0;13802000000.0;66000000.0
2022-09-30;11606000000.0;11449000000.0;868000000.0;;13652000000.0;5000000.0;436000000.0;;-994000000.0;19738000000.0;64000000.0;0.0;77339000000.0;23270000000.0;4585000000.0;3744000000.0;3744000000.0;7000000.0;5130000000.0;149000000.0;5279000000.0;496000000.0;237000000.0;38646000000.0;18580000000.0;1032000000.0;1301000000.0;144000000.0;6339000000.0;;270000000.0;430000000.0;3900000000.0;0.0;-1199371423.397771;-382850432.9525237;45000000.0;3900000000.0;466000000.0;2046000000.0;3333333.3333333335;660440416.7517588;7691057829.76416;7300000000.0;;-212004922.36623806;-98403937.89300027;-5000000.0;1486000000.0;5391000000.0;-2427000000.0;782000000.0;171000000.0;7158000000.0;1618000000.0;2035000000.0;1577500000.0;190000000.0;689500000.0;845000000.0;158000000.0;2044460.5208456349;3928000000.0;4294000000.0;3662000000.0;44030000000.0;77339000000.0;17882000000.0;20128000000.0;16625000000.0;14772000000.0;5076000000.0;3000000.0;-314500000.0;-346500000.0;1167500000.0;5391000000.0;149000000.0;5388000000.0;5391000000.0;3026000000.0;2004000000.0;-397088249.27024645;0.0;0.0;0.0;;-305000000.0;-301000000.0;-4000000.0;-261000000.0;-40000000.0;-4000000.0;-7000000.0;-42000000.0;1612000000.0;366000000.0;315179511.60497236;1983000000.0;-27000000.0;2853468781.042943;3000000.0;0.0;49000000.0;400000000.0;445000000.0;1021000000.0;1580000000.0;-39000000.0;5540000000.0;17662000000.0;34962000000.0;52624000000.0;;;;69000000.0;623500000.0;24008000000.0;44955000000.0;1599000000.0;-4636361673.215576;617000000.0;28233000000.0;33309000000.0;133000000.0;1836000000.0;14526000000.0;724000000.0
2022-12-31;9497000000.0;10748000000.0;575000000.0;;11489000000.0;5500000.0;437500000.0;;-683500000.0;19766500000.0;65500000.0;4000000.0;77300500000.0;22970000000.0;3959000000.0;5354500000.0;6133000000.0;7000000.0;3589000000.0;132500000.0;3721500000.0;502500000.0;220000000.0;33993500000.0;18580000000.0;928500000.0;1333000000.0;145000000.0;6576000000.0;;270000000.0;453000000.0;3394500000.0;500000.0;-1844880485.7998772;-478789930.0306444;30000000.0;3394500000.0;476000000.0;1488000000.0;3666666.6666666665;849456023.8163983;8106730780.335627;6650000000.0;;-32656775.84898573;45074579.32080078;-15000000.0;1486000000.0;3676000000.0;-2427000000.0;696500000.0;206500000.0;4904500000.0;1096000000.0;648000000.0;1790250000.0;-139500000.0;-486750000.0;819000000.0;175000000.0;1921940.0755636385;4487000000.0;4869500000.0;4249500000.0;43188000000.0;77300500000.0;16293500000.0;20326000000.0;17142500000.0;15030500000.0;4871500000.0;30500000.0;-215750000.0;-305750000.0;1183250000.0;3676000000.0;132500000.0;3673000000.0;3675500000.0;1537000000.0;1958500000.0;-159428518.09110013;0.0;0.0;0.0;;-114500000.0;-112000000.0;-2500000.0;-87000000.0;-25000000.0;-2666666.666666667;-5000000.0;-26000000.0;1595000000.0;382500000.0;312993970.5136843;1735000000.0;-20500000.0;1450756565.5613513;3000000.0;500000.0;36500000.0;600000000.0;465500000.0;976000000.0;1257000000.0;-43500000.0;3808500000.0;17872500000.0;35036500000.0;52909000000.0;;;;70500000.0;923250000.0;25455500000.0;39675500000.0;1451500000.0;-1171828369.6912842;611000000.0;29241000000.0;34106000000.0;170000000.0;1612000000.0;14526000000.0;765500000.0
2023-03-31;8123000000.0;9923000000.0;646000000.0;;9326000000.0;6000000.0;439000000.0;;-373000000.0;19795000000.0;67000000.0;8000000.0;77262000000.0;22670000000.0;3333000000.0;6965000000.0;6965000000.0;7000000.0;2048000000.0;116000000.0;2164000000.0;509000000.0;203000000.0;29341000000.0;18580000000.0;825000000.0;1365000000.0;146000000.0;6813000000.0;;270000000.0;476000000.0;2889000000.0;1000000.0;-2490389548.2019863;-574729427.1087656;15000000.0;2889000000.0;486000000.0;1203000000.0;4000000.0;1038471630.881038;8522403730.907093;6000000000.0;;146691370.6682666;188553096.53460184;-25000000.0;1486000000.0;1961000000.0;-2427000000.0;611000000.0;242000000.0;2651000000.0;574000000.0;-739000000.0;2003000000.0;-469000000.0;-1663000000.0;793000000.0;192000000.0;1799419.630281642;5046000000.0;5445000000.0;4837000000.0;42346000000.0;77262000000.0;14705000000.0;20524000000.0;17660000000.0;15289000000.0;4667000000.0;58000000.0;-117000000.0;-265000000.0;1199000000.0;1961000000.0;116000000.0;1958000000.0;1960000000.0;48000000.0;1913000000.0;78231213.08804548;0.0;0.0;0.0;;76000000.0;77000000.0;-1000000.0;87000000.0;-10000000.0;-1333333.3333333335;-3000000.0;-10000000.0;1578000000.0;399000000.0;316308200.471262;1487000000.0;-14000000.0;48044350.07975977;3000000.0;1000000.0;24000000.0;800000000.0;486000000.0;931000000.0;934000000.0;-48000000.0;2077000000.0;18083000000.0;35111000000.0;53194000000.0;;;;72000000.0;1223000000.0;26903000000.0;34396000000.0;1304000000.0;2466350955.765579;605000000.0;30249000000.0;34916000000.0;207000000.0;1388000000.0;14526000000.0;807000000.0
2023-06-30;8123000000.0;9923000000.0;646000000.0;;9458000000.0;7000000.0;449000000.0;;-272000000.0;19463000000.0;68000000.0;4000000.0;74886000000.0;19898000000.0;2717000000.0;3029000000.0;3029000000.0;7000000.0;1798000000.0;37000000.0;1835000000.0;525000000.0;221000000.0;30571000000.0;18580000000.0;832000000.0;1202000000.0;95750000.0;6819000000.0;;270000000.0;495000000.0;2203000000.0;28000000.0;-2919488858.1027966;-582659551.7975864;10000000.0;2203000000.0;474000000.0;1203000000.0;1000000.0;1060300204.9252481;8570407956.16994;5400000000.0;;178245709.1866117;213796567.3492783;-2000000.0;1486000000.0;1697000000.0;-2427000000.0;563000000.0;226500000.0;2244000000.0;510000000.0;-134750000.0;2141000000.0;-307000000.0;-1297000000.0;786000000.0;266000000.0;1785270.2875194163;5982000000.0;6380000000.0;5799000000.0;43826000000.0;74886000000.0;14971000000.0;20848000000.0;19034000000.0;15532000000.0;1162000000.0;67000000.0;-299250000.0;-365000000.0;840250000.0;1697000000.0;37000000.0;1694000000.0;1696000000.0;99000000.0;1952000000.0;117699680.94494602;0.0;26592.42186026137;0.0;;98000000.0;97000000.0;1000000.0;101000000.0;-4000000.0;0.0;-1000000.0;-5000000.0;1384000000.0;398000000.0;320624761.96301824;1965000000.0;-13250000.0;96088892.04722862;3000000.0;1000000.0;38000000.0;891000000.0;476500000.0;924000000.0;1031000000.0;-54250000.0;1734000000.0;18543000000.0;35232000000.0;53775000000.0;;;;72000000.0;1670500000.0;28122000000.0;35090000000.0;1304000000.0;-6050534236.185181;593000000.0;29898000000.0;31060000000.0;174000000.0;1181000000.0;57884997574.17964;1339000000.0
2023-09-30;8123000000.0;9923000000.0;646000000.0;;11976000000.0;6000000.0;453000000.0;;-385000000.0;19603000000.0;71000000.0;3000000.0;77786000000.0;22496000000.0;6730000000.0;3539000000.0;3539000000.0;7000000.0;1984000000.0;46000000.0;2030000000.0;527000000.0;228000000.0;34330000000.0;18580000000.0;913000000.0;1166000000.0;45500000.0;7234000000.0;;270000000.0;488000000.0;6216000000.0;25000000.0;-2493211677.3634577;-747395590.8032327;86000000.0;6216000000.0;465000000.0;1203000000.0;11000000.0;851936543.5941496;8112185805.933678;7700000000.0;;136149355.1030012;180119484.08239037;12000000.0;1555000000.0;2097000000.0;-2427000000.0;562000000.0;211000000.0;2813000000.0;670000000.0;469500000.0;2279000000.0;-145000000.0;-931000000.0;926000000.0;221000000.0;1920332.195704294;5326000000.0;5732000000.0;5140000000.0;45797000000.0;77786000000.0;17416000000.0;24050000000.0;18531000000.0;15316000000.0;1168000000.0;15000000.0;-481500000.0;-465000000.0;481500000.0;2097000000.0;46000000.0;2095000000.0;2097000000.0;15000000.0;1960000000.0;-81945828.52487928;0.0;34041.55176312131;0.0;;-112000000.0;-114000000.0;2000000.0;-113000000.0;-1000000.0;0.0;-1000000.0;-2000000.0;1633000000.0;406000000.0;296741592.3046943;1671000000.0;-12500000.0;16956705.27727984;2000000.0;0.0;52000000.0;982000000.0;467000000.0;581000000.0;1249000000.0;-60500000.0;2143000000.0;18958000000.0;35533000000.0;54491000000.0;;;;72000000.0;2118000000.0;29751000000.0;39643000000.0;1304000000.0;-12788159966.182007;669000000.0;30821000000.0;31989000000.0;171000000.0;1345000000.0;48909682691.30966;733000000.0
2023-12-31;;;;;11730000000.0;7500000.0;446000000.0;;-282000000.0;19650000000.0;71000000.0;84000000.0;75501000000.0;19941000000.0;3395000000.0;3323000000.0;3323000000.0;7000000.0;1351000000.0;29500000.0;1380500000.0;537000000.0;187000000.0;33358000000.0;18580000000.0;1482000000.0;1200000000.0;-4750000.0;7424000000.0;;270000000.0;496000000.0;3041000000.0;0.0;-2639046651.3949156;-825972833.7594309;18000000.0;3041000000.0;456500000.0;2889317418.0836344;11000000.0;890632652.1270678;8197284205.263269;5300000000.0;;207202653.05603582;236962122.4448181;2500000.0;1550000000.0;1422500000.0;-2427000000.0;545000000.0;195500000.0;1888500000.0;436500000.0;1073750000.0;2417000000.0;17000000.0;-565000000.0;920000000.0;224000000.0;1895249.269898531;3330000000.0;3750000000.0;3050000000.0;43851000000.0;75501000000.0;15856000000.0;21781000000.0;17877000000.0;15302000000.0;1067000000.0;14000000.0;-663750000.0;-565000000.0;122750000.0;1422500000.0;29500000.0;1420500000.0;1422000000.0;56000000.0;2076000000.0;-42353200.73314786;0.0;96117.63428694825;0.0;;-73000000.0;-73000000.0;0.0;-71500000.0;-1500000.0;0.0;-1000000.0;-2000000.0;1542500000.0;420000000.0;312920076.6194577;1410000000.0;-11750000.0;55580748.81975486;2000000.0;500000.0;66000000.0;1073000000.0;457500000.0;630000000.0;1138000000.0;-66750000.0;1452000000.0;19480000000.0;35712000000.0;55192000000.0;;;;70940414.65777443;2565500000.0;30550000000.0;37727000000.0;995926571.9203413;-4159433287.8622437;613000000.0;30583000000.0;31650000000.0;168000000.0;1200000000.0;50283374754.57727;940000000.0
2024-03-31;;;;;11532000000.0;9000000.0;442000000.0;;-312000000.0;19674000000.0;75000000.0;165000000.0;76399000000.0;20704000000.0;4937000000.0;1570000000.0;1570000000.0;7000000.0;718000000.0;13000000.0;731000000.0;546000000.0;162000000.0;32386000000.0;18580000000.0;2325000000.0;1210000000.0;-55000000.0;7368000000.0;;270000000.0;504000000.0;4557000000.0;0.0;-2788281813.974922;-806963774.1068249;171000000.0;4557000000.0;448000000.0;2892309178.0822334;11000000.0;929328760.659986;8282382604.59286;6300000000.0;;278255951.0090704;293804760.80724525;-7000000.0;1553000000.0;748000000.0;-2427000000.0;528000000.0;180000000.0;964000000.0;203000000.0;1678000000.0;2555000000.0;179000000.0;-199000000.0;911000000.0;227000000.0;1870166.3440927677;5871000000.0;6286000000.0;5698000000.0;45606000000.0;76399000000.0;17667000000.0;24131000000.0;17829000000.0;15592000000.0;1067000000.0;13000000.0;-846000000.0;-665000000.0;-236000000.0;748000000.0;13000000.0;746000000.0;747000000.0;97000000.0;2090000000.0;-2760572.941416025;;596323.1382113965;83414.32026006735;;-34000000.0;-32000000.0;-2000000.0;-30000000.0;-2000000.0;0.0;-1000000.0;-2000000.0;1452000000.0;415000000.0;312391238.0638441;1322000000.0;-11000000.0;94204792.36222985;2000000.0;1000000.0;80000000.0;1164000000.0;448000000.0;613000000.0;1316000000.0;-73000000.0;761000000.0;19503000000.0;35549000000.0;55052000000.0;;;;70940180.98806286;3013000000.0;30846000000.0;35811000000.0;904176249.046268;-6927476592.9938965;557000000.0;29726000000.0;30793000000.0;165000000.0;1087000000.0;51078971152.65971;1147000000.0
2024-06-30;;;;;10887000000.0;10000000.0;448000000.0;;-309000000.0;19717000000.0;73000000.0;225000000.0;75945000000.0;20916000000.0;3474000000.0;2444000000.0;2444000000.0;7000000.0;1018000000.0;5000000.0;1023000000.0;563000000.0;162000000.0;34628000000.0;18580000000.0;2780000000.0;1198000000.0;-55000000.0;7224000000.0;;270000000.0;497000000.0;3202000000.0;0.0;-2603485087.1317673;-755949289.457222;112000000.0;3202000000.0;485000000.0;3167004576.2615623;;962071621.7263017;8354388942.48713;5900000000.0;;250879584.3997119;271903667.5197594;-1000000.0;1553000000.0;1015000000.0;-2427000000.0;487000000.0;180000000.0;1311000000.0;291000000.0;1678000000.0;2555000000.0;179000000.0;-199000000.0;901000000.0;231000000.0;1848942.3299494297;6096000000.0;6522000000.0;5929000000.0;45438000000.0;75945000000.0;18271000000.0;22124000000.0;17180000000.0;15191000000.0;1052000000.0;20000000.0;-846000000.0;-665000000.0;-236000000.0;1015000000.0;5000000.0;1012000000.0;1014000000.0;58000000.0;2155000000.0;20706062.046025384;;596323.1382113965;83414.3202600677;;-1000000.0;-1000000.0;0.0;3000000.0;-4000000.0;;-1000000.0;-5000000.0;1407000000.0;426000000.0;312095171.71409667;1250000000.0;-11000000.0;57464848.50475358;3000000.0;1000000.0;80000000.0;1164000000.0;448000000.0;626000000.0;1063000000.0;-73000000.0;1020000000.0;20156000000.0;35229000000.0;55385000000.0;;;;70944444.57128264;3013000000.0;31372000000.0;38129000000.0;994493662.3078885;-3819761832.6061096;552000000.0;29455000000.0;30507000000.0;49000000.0;1368000000.0;54513058264.19023;843000000.0
