end;AccountsPayableAndAccruedLiabilitiesCurrent;AccruedIncomeTaxesCurrent;AccumulatedDepreciationDepletionAndAmortizationPropertyPlantAndEquipment;AccumulatedOtherComprehensiveIncomeLossNetOfTax;AllowanceForDoubtfulAccountsReceivableCurrent;AmortizationOfIntangibleAssets;Assets;AssetsCurrent;Cash;CashAndCashEquivalentsAtCarryingValue;CommonStockValue;ComprehensiveIncomeNetOfTax;ComprehensiveIncomeNetOfTaxAttributableToNoncontrollingInterest;ComprehensiveIncomeNetOfTaxIncludingPortionAttributableToNoncontrollingInterest;CostOfGoodsAndServicesSold;CurrentFederalTaxExpenseBenefit;CurrentForeignTaxExpenseBenefit;CurrentIncomeTaxExpenseBenefit;CurrentStateAndLocalTaxExpenseBenefit;DebtInstrumentCarryingAmount;DebtInstrumentFairValue;DeferredFederalIncomeTaxExpenseBenefit;DeferredForeignIncomeTaxExpenseBenefit;DeferredIncomeTaxExpenseBenefit;DeferredRevenue;DeferredStateAndLocalIncomeTaxExpenseBenefit;DeferredTaxAssetsNet;DeferredTaxAssetsNetCurrent;DeferredTaxAssetsOperatingLossCarryforwardsDomestic;DeferredTaxAssetsOther;DeferredTaxAssetsTaxDeferredExpenseCompensationAndBenefitsPostretirementBenefits;DeferredTaxLiabilitiesNoncurrent;Depreciation;DepreciationDepletionAndAmortization;DerivativeFairValueOfDerivativeAsset;DerivativeInstrumentsGainLossReclassifiedFromAccumulatedOCIIntoIncomeEffectivePortionNet;DividendsCash;DividendsPayableCurrent;FiniteLivedIntangibleAssetsAccumulatedAmortization;FiniteLivedIntangibleAssetsAmortizationExpenseNextTwelveMonths;FiniteLivedIntangibleAssetsAmortizationExpenseRemainderOfFiscalYear;FiniteLivedIntangibleAssetsAmortizationExpenseYearFive;FiniteLivedIntangibleAssetsAmortizationExpenseYearFour;FiniteLivedIntangibleAssetsAmortizationExpenseYearThree;FiniteLivedIntangibleAssetsAmortizationExpenseYearTwo;FiniteLivedIntangibleAssetsGross;FiniteLivedIntangibleAssetsNet;ForeignCurrencyCashFlowHedgeGainLossToBeReclassifiedDuringNext12Months;GeneralAndAdministrativeExpense;Goodwill;HeldToMaturitySecuritiesNoncurrent;IncomeLossFromContinuingOperations;IncomeLossFromContinuingOperationsBeforeIncomeTaxesExtraordinaryItemsNoncontrollingInterest;IncomeLossFromContinuingOperationsBeforeIncomeTaxesMinorityInterestAndIncomeLossFromEquityMethodInvestments;IncomeLossFromContinuingOperationsIncludingPortionAttributableToNoncontrollingInterest;IncomeLossFromDiscontinuedOperationsNetOfTax;IncomeLossFromEquityMethodInvestmentsNetOfDividendsOrDistributions;IncomeTaxExpenseBenefit;IncreaseDecreaseInAccountsPayableAndAccruedLiabilities;IncreaseDecreaseInAccruedIncomeTaxesPayable;IncreaseDecreaseInInventories;IncreaseDecreaseInOtherCurrentAssets;IncreaseDecreaseInOtherNoncurrentAssets;IncreaseDecreaseInOtherOperatingCapitalNet;IncreaseDecreaseInOtherOperatingLiabilities;IncreaseDecreaseInReceivables;IntangibleAssetsNetExcludingGoodwill;InterestExpense;InventoryFinishedGoods;InventoryNet;InventoryRawMaterialsAndSupplies;InventoryWorkInProcess;InvestmentsInAffiliatesSubsidiariesAssociatesAndJointVentures;Liabilities;LiabilitiesAndStockholdersEquity;LiabilitiesCurrent;LineOfCreditFacilityMaximumBorrowingCapacity;LineOfCreditFacilityRemainingBorrowingCapacity;LongTermDebtCurrent;LongTermDebtNoncurrent;MarketableSecuritiesCurrent;MinorityInterest;NetCashProvidedByUsedInFinancingActivities;NetCashProvidedByUsedInInvestingActivities;NetCashProvidedByUsedInOperatingActivities;NetIncomeLoss;NetIncomeLossAttributableToNoncontrollingInterest;NetIncomeLossAvailableToCommonStockholdersBasic;NetIncomeLossAvailableToCommonStockholdersDiluted;OperatingIncomeLoss;OtherAssetsCurrent;OtherAssetsNoncurrent;OtherComprehensiveIncomeForeignCurrencyTransactionAndTranslationAdjustmentNetOfTaxPortionAttributableToParent;OtherComprehensiveIncomeForeignCurrencyTransactionAndTranslationGainLossArisingDuringPeriodNetOfTax;OtherComprehensiveIncomeLossAmortizationAdjustmentFromAOCIPensionAndOtherPostretirementBenefitPlansForNetPriorServiceCostCreditBeforeTax;OtherComprehensiveIncomeLossAvailableForSaleSecuritiesAdjustmentNetOfTax;OtherComprehensiveIncomeLossDerivativesQualifyingAsHedgesNetOfTax;OtherComprehensiveIncomeLossForeignCurrencyTransactionAndTranslationAdjustmentNetOfTax;OtherComprehensiveIncomeLossPensionAndOtherPostretirementBenefitPlansAdjustmentNetOfTax;OtherComprehensiveIncomeLossPensionAndOtherPostretirementBenefitPlansPlanAmendmentsTaxEffect;OtherComprehensiveIncomeLossPensionAndOtherPostretirementBenefitPlansTax;OtherComprehensiveIncomeLossReclassificationAdjustmentFromAOCIOnDerivativesNetOfTax;OtherComprehensiveIncomeLossReclassificationAdjustmentFromAOCIPensionAndOtherPostretirementBenefitPlansForNetGainLossBeforeTax;OtherComprehensiveIncomeUnrealizedGainLossOnDerivativesArisingDuringPeriodNetOfTax;OtherLiabilitiesNoncurrent;OtherLongTermDebtNoncurrent;PaymentsForProceedsFromOtherInvestingActivities;PaymentsForRepurchaseOfEquity;PaymentsOfDividends;PaymentsToAcquirePropertyPlantAndEquipment;PensionAndOtherPostretirementDefinedBenefitPlansLiabilitiesNoncurrent;ProceedsFromIssuanceOfLongTermDebt;ProceedsFromRepaymentsOfShortTermDebt;ProceedsFromStockOptionsExercised;ProceedsFromStockPlans;ProfitLoss;PropertyPlantAndEquipmentGross;PropertyPlantAndEquipmentNet;ReceivablesNetCurrent;RepaymentsOfLongTermDebt;ResearchAndDevelopmentExpense;RetainedEarningsAccumulatedDeficit;RevenueFromContractWithCustomerExcludingAssessedTax;Revenues;SegmentReportingInformationRevenue;ShareBasedCompensation;ShortTermBorrowings;ShortTermInvestments;StockholdersEquity;StockholdersEquityIncludingPortionAttributableToNoncontrollingInterest;StockholdersEquityOther;StockIssuedDuringPeriodValueEmployeeStockPurchasePlan;StockIssuedDuringPeriodValueRestrictedStockAwardNetOfForfeitures;StockIssuedDuringPeriodValueShareBasedCompensation;StockIssuedDuringPeriodValueStockOptionsExercised;TreasuryStockValue;TreasuryStockValueAcquiredCostMethod;CashCashEquivalentsRestrictedCashAndRestrictedCashEquivalentsIncludingDisposalGroupAndDiscontinuedOperations;StockPrice
2008-06-30;;1415184318.2167182;;-2767378033.523138;;;;;;186000000.0;7220390295.670906;321347079.38076943;;872000000.0;4609000000.0;;53369227.517097;1899124912.2370837;;;;;;78000000.0;3142686738.319018;;-414016815.7960177;;374872982.7788216;-304725290.83068323;;;;609000000.0;;;251000000.0;269118463.56900835;;-1345505158.4316268;;430223040.87705857;;410586715.02713984;439361271.5202756;-2230668431.487217;2923561108.854271;;146000000.0;;;1420000000.0;3622838729.726293;1192000000.0;1539000000.0;0.0;55000000.0;378000000.0;-285000000.0;-42000000.0;118000000.0;;;21000000.0;23000000.0;429000000.0;2630660136.258287;61000000.0;-177534509.12813;;;;1912035787.3592412;;;8748311343.996569;4854335070.299613;;;9964283430.378635;;1241530637.8859951;671000000.0;-1217000000.0;551000000.0;1420000000.0;13000000.0;-4507048441.013518;3041675643.593482;;228401919.8795136;16194724.4876599;;;9686947.435368486;40165508.29688297;;;;8282411.9466023;;;;;;-6634130188.197571;-66000000.0;11092881.766326442;251000000.0;748000000.0;;1287000000.0;137000000.0;14000000.0;1000000.0;1539000000.0;;6419936912.996397;;521000000.0;197000000.0;;6166088623.912342;6746000000.0;5367688532.488112;47000000.0;287840201.43215454;;16109694126.731598;17871000000.0;5000000.0;70000000.0;76669632.11633804;47000000.0;14000000.0;5305932630.381292;-91722223.40749349;275688299432.95667;74.45513153076172
2008-09-30;;2008065939.720478;;-2363000000.0;149000000.0;28000000.0;32960000000.0;13655000000.0;216000000.0;189000000.0;4718000000.0;700669457.1809517;;872000000.0;4967000000.0;-20000000.0;169000000.0;148000000.0;-1000000.0;;;-2000000.0;6000000.0;78000000.0;2677677164.514394;-1107734.8066298342;-13231910202.870096;162000000.0;102006212.04630908;332160246.83794546;;;537000000.0;609000000.0;;;251000000.0;236581157.7727581;;219378769.7272505;;779887258.3085284;;133031142.53194734;499415568.9810464;2394542962.8725243;4647481383.664696;;150000000.0;5266000000.0;464000000.0;1526000000.0;1281620684.4262187;1192000000.0;1539000000.0;0.0;55000000.0;418000000.0;-285000000.0;-42000000.0;118000000.0;;301410573.2355772;21000000.0;23000000.0;429000000.0;857000000.0;61000000.0;2164413697.417878;2021000000.0;;;1985000000.0;14226000000.0;32960000000.0;7461000000.0;4846572546.086368;;831000000.0;6365207595.410273;4220799787.150156;107000000.0;671000000.0;-1217000000.0;551000000.0;1526000000.0;13000000.0;613000000.0;615000000.0;;954000000.0;374000000.0;;;14479928.244314976;40186159.76480285;436432106.408597;841785926.5824811;232206186.88134372;1953410.634239696;40838085.110663965;;;;878000000.0;4291000000.0;-66000000.0;11092881.766326442;251000000.0;748000000.0;;1287000000.0;137000000.0;14000000.0;1000000.0;1539000000.0;;9688000000.0;6107000000.0;521000000.0;208000000.0;20940000000.0;14638461836.866247;7259000000.0;5528000000.0;47000000.0;282694589.4730884;4195000000.0;18627000000.0;17871000000.0;5000000.0;70000000.0;23861712.27107747;47000000.0;14000000.0;4668000000.0;-110704976.39269294;10602449829.711466;54.2386474609375
2009-03-31;4736000000.0;929000000.0;;-2363000000.0;149000000.0;28000000.0;32960000000.0;13655000000.0;216000000.0;192000000.0;4718000000.0;954206804.2361104;;872000000.0;4510000000.0;-20000000.0;169000000.0;148000000.0;-1000000.0;;;-2000000.0;6000000.0;78000000.0;1802040860.298753;3000000.0;-16163131098.744816;162000000.0;104326948.9841944;218874012.1783011;324429260.95462537;;537000000.0;609000000.0;;104000000.0;251000000.0;250000000.0;;75300810.86154962;;783825605.5851117;;133045040.28655478;504330000.448066;2314941988.7111497;4633769565.663964;;130000000.0;5266000000.0;464000000.0;1069500000.0;988764277.7054594;1192000000.0;1289000000.0;0.0;55000000.0;252000000.0;-285000000.0;-42000000.0;118000000.0;;301410573.2355772;21000000.0;23000000.0;429000000.0;857000000.0;55000000.0;2677745875.463475;2021000000.0;;;1985000000.0;14226000000.0;32960000000.0;7461000000.0;4715889860.221598;;831000000.0;6869918519.911728;4220799787.150155;107000000.0;671000000.0;-1217000000.0;551000000.0;938000000.0;2000000.0;613000000.0;615000000.0;;954000000.0;374000000.0;;;15272120.299072556;40533828.79882821;436432106.4085971;841785926.5824811;232206186.88134372;-9801235.864596978;40838085.110663965;;;;878000000.0;4291000000.0;-66000000.0;11092881.766326442;251000000.0;748000000.0;1293000000.0;1287000000.0;137000000.0;14000000.0;1000000.0;940000000.0;;9688000000.0;6107000000.0;521000000.0;190000000.0;20940000000.0;14638461836.866247;6000000000.0;5528000000.0;47000000.0;284816712.1673795;4195000000.0;18627000000.0;17685000000.0;5000000.0;70000000.0;23858045.31465441;47000000.0;14000000.0;4668000000.0;-113400616.21776992;-1813849062.0596552;28.472978591918945
2009-06-30;4736000000.0;929000000.0;;-2363000000.0;149000000.0;28000000.0;32960000000.0;13655000000.0;216000000.0;216000000.0;4718000000.0;956149412.0735992;;820000000.0;4432000000.0;-20000000.0;169000000.0;148000000.0;-1000000.0;;;-2000000.0;6000000.0;4000000.0;1802040860.298753;3000000.0;572088038.3432533;162000000.0;101110892.49864392;12535305.860033274;324429260.9546253;;537000000.0;612666666.6666666;;104000000.0;83666666.66666666;250000000.0;;-59815692.60218823;;790983464.7294074;;133070299.14843673;510058359.2688009;2252215026.5804896;4626514770.366013;;131000000.0;5266000000.0;464000000.0;613000000.0;771139398.3726864;767000000.0;1039000000.0;0.0;52333333.333333336;152000000.0;-289666666.6666667;-28333333.333333336;73000000.0;;301410573.2355772;81333333.33333334;4666666.666666668;244333333.3333333;857000000.0;61000000.0;-149212729.61135626;2021000000.0;;;1985000000.0;14226000000.0;32960000000.0;7461000000.0;4672617248.167723;;831000000.0;7642901442.27162;4220799787.150156;107000000.0;191666666.6666667;-877666666.6666667;697000000.0;613000000.0;2000000.0;613000000.0;615000000.0;;954000000.0;374000000.0;;;13905052.635655483;40648951.52631863;436432106.4085971;841785926.5824811;232206186.88134372;-9506792.11041183;40838085.110663965;;;;878000000.0;4291000000.0;-42333333.33333333;337000000.0;252000000.0;648333333.3333334;1293000000.0;1444833333.3333333;30666666.66666667;19666666.666666668;28666666.666666668;615000000.0;;9688000000.0;6107000000.0;383666666.6666666;197000000.0;20940000000.0;13975763032.194162;5528000000.0;5528000000.0;47000000.0;179000000.0;4195000000.0;18627000000.0;18734000000.0;2666666.6666666665;74666666.66666667;37972363.43637528;47000000.0;19666666.666666668;4668000000.0;-337000000.0;-1964532515.7891588;38.068607330322266
2009-09-30;4736000000.0;929000000.0;12622000000.0;-2298000000.0;149000000.0;29000000.0;33075000000.0;13382000000.0;194000000.0;521000000.0;4746000000.0;890185244.922199;;768000000.0;4144000000.0;-67000000.0;82000000.0;14000000.0;-1000000.0;3707000000.0;4000000000.0;76000000.0;81000000.0;18500000.0;1548390776.664266;3000000.0;347000000.0;158000000.0;72381308.74239385;101000000.0;392000000.0;;542000000.0;616333333.3333334;42000000.0;104000000.0;-83666666.66666669;250000000.0;591000000.0;4377191490.079635;;197882122.51971853;;131820543.62594566;213609810.16811717;-2056384875.442315;-1621845528.5862122;41000000.0;128000000.0;5296000000.0;625000000.0;787000000.0;993000000.0;980000000.0;789000000.0;0.0;49666666.66666666;191000000.0;-294333333.3333333;-14666666.666666668;28000000.0;;300671273.77327406;141666666.6666667;-13666666.666666664;59666666.66666669;813000000.0;54000000.0;116000000.0;1967000000.0;1665000000.0;84000000.0;2243000000.0;13612000000.0;33075000000.0;7115000000.0;4638828375.381141;;596000000.0;2064271939.5465195;3500000000.0;108000000.0;-287666666.6666666;-538333333.3333334;843000000.0;787000000.0;2000000.0;787000000.0;789000000.0;;941000000.0;504000000.0;;;14693985.306138914;40738843.65460464;445559585.1481938;858819810.3235588;231334473.6395945;-10390123.37296727;40690028.59127376;;;-52959448.65606484;892000000.0;4312000000.0;-18666666.666666664;337000000.0;253000000.0;548666666.6666666;1293000000.0;1602666666.6666667;-75666666.66666666;25333333.333333336;56333333.333333336;789000000.0;22279000000.0;9610000000.0;6087000000.0;246333333.3333333;198000000.0;21475000000.0;13690387243.809105;5430000000.0;5430000000.0;47000000.0;179000000.0;4035000000.0;19355000000.0;19463000000.0;333333.333333333;79333333.33333333;-170004832.47611365;47000000.0;25333333.333333336;4568000000.0;-337000000.0;-385769985.0209732;42.085113525390625
2010-03-31;4705000000.0;865000000.0;12622000000.0;-2632000000.0;144000000.0;32000000.0;32883000000.0;13065000000.0;271000000.0;640000000.0;4841000000.0;841004279.3323574;;716000000.0;4343000000.0;22000000.0;156000000.0;181000000.0;3000000.0;3707000000.0;4000000000.0;42000000.0;-10000000.0;33000000.0;1560099501.8167982;2000000.0;347000000.0;154000000.0;63613599.90629147;101000000.0;392000000.0;1557000000.0;547000000.0;620000000.0;42000000.0;-136000000.0;-251000000.0;250000000.0;591000000.0;4238813646.4546623;;184854534.3614049;;130586380.60855363;212286194.5737111;-1785297929.7578993;-1335108212.7845411;41000000.0;72000000.0;5397000000.0;708000000.0;672000000.0;993000000.0;888000000.0;802500000.0;46600000.0;47000000.0;214000000.0;-299000000.0;-1000000.0;-17000000.0;;309824505.2113128;202000000.0;-32000000.0;-125000000.0;840000000.0;45000000.0;116000000.0;1851000000.0;1665000000.0;84000000.0;2360000000.0;13344000000.0;32883000000.0;6754000000.0;4678688337.2550335;;456000000.0;2040108837.2680252;3500000000.0;111000000.0;-767000000.0;-199000000.0;989000000.0;672000000.0;2000000.0;802500000.0;674000000.0;;885000000.0;334000000.0;;;12913185.802763611;40632799.96297646;429912478.73745656;829618866.7674257;242127113.7755377;-25450991.59504308;42523109.307533294;;;-52959448.65606484;915000000.0;4052000000.0;5000000.0;337000000.0;254000000.0;449000000.0;1623000000.0;1760500000.0;-182000000.0;31000000.0;84000000.0;674000000.0;22279000000.0;9545000000.0;5972000000.0;109000000.0;207000000.0;22440000000.0;13391578548.11854;5598000000.0;5598000000.0;47000000.0;179000000.0;3932000000.0;19428000000.0;19539000000.0;-2000000.0;84000000.0;-161460101.27630848;47000000.0;31000000.0;5221000000.0;-337000000.0;-283187823.7346697;45.10658645629883
2010-06-30;4852000000.0;908000000.0;12622000000.0;-2729000000.0;141000000.0;35000000.0;33017000000.0;12230000000.0;229000000.0;229000000.0;4920000000.0;1069000000.0;-1000000.0;833333333.3333334;4576000000.0;26000000.0;150000000.0;179000000.0;3000000.0;3707000000.0;4000000000.0;-3000000.0;10000000.0;-2000000.0;1281811387.7682898;2500000.0;347000000.0;148000000.0;64580905.88750148;101000000.0;392000000.0;1557000000.0;558000000.0;676000000.0;42000000.0;-205000000.0;-54000000.0;249000000.0;591000000.0;4300584346.129189;;148408366.6395501;;131258719.9847984;198311088.85962605;-1791412967.8263311;-1549334698.7267666;41000000.0;74000000.0;5854000000.0;652000000.0;818000000.0;993000000.0;993000000.0;816000000.0;93200000.0;38333333.333333336;177000000.0;-258333333.3333333;-33666666.66666667;72333333.33333333;49000000.0;321195635.0362609;90666666.66666669;-35000000.0;103666666.66666666;1360000000.0;53000000.0;116000000.0;1865000000.0;1665000000.0;84000000.0;2396000000.0;13133000000.0;33017000000.0;6776000000.0;4748788950.700978;;440000000.0;1896004603.0694315;3500000000.0;106000000.0;-760333333.3333334;-261000000.0;938000000.0;818000000.0;-2000000.0;818000000.0;819000000.0;;905000000.0;300000000.0;;129000000.0;12474700.949853765;40446303.85295196;398338853.30150497;770695534.2345142;255534893.63672867;-22000000.0;44800359.581963375;;;192000000.0;1047000000.0;3729000000.0;11000000.0;506000000.0;266333333.3333333;556000000.0;1581000000.0;1918333333.3333333;-100000000.0;69333333.33333334;86000000.0;816000000.0;22279000000.0;9657000000.0;6234000000.0;878000000.0;216000000.0;23007000000.0;14241340730.734337;5937000000.0;5937000000.0;53666666.66666666;327000000.0;2849000000.0;19778000000.0;19884000000.0;1000000.0;86000000.0;-148003619.85231152;53666666.66666666;69333333.33333334;5420000000.0;56666666.66666669;-1100457294.1409483;39.47311019897461
2010-09-30;6308000000.0;1217000000.0;14330000000.0;-2627000000.0;156000000.0;46000000.0;49854000000.0;16446000000.0;1114000000.0;1114000000.0;11874000000.0;1069000000.0;-1000000.0;950666666.6666666;5379000000.0;-60000000.0;150000000.0;94000000.0;4000000.0;4803000000.0;5000000000.0;96000000.0;16000000.0;29000000.0;1571934607.1088028;3000000.0;-1891000000.0;81000000.0;276000000.0;111000000.0;344000000.0;1557000000.0;603000000.0;732000000.0;146000000.0;180000000.0;143000000.0;286000000.0;626000000.0;4392201112.717312;;-132055317.79436211;;233580223.61271417;99708438.46426848;-399499719.8031344;-2628252201.319706;4000000.0;75000000.0;13671000000.0;600000000.0;1734000000.0;1940000000.0;1940000000.0;1731000000.0;139800000.0;29666666.666666668;209000000.0;-217666666.6666667;-66333333.333333336;161666666.66666666;49000000.0;282787267.73279834;-20666666.666666657;-38000000.0;332333333.3333333;5248000000.0;47000000.0;1820000000.0;3941000000.0;1841000000.0;280000000.0;1005000000.0;18738000000.0;49854000000.0;10061000000.0;4947517387.894189;;1470000000.0;2047840679.6167157;2100000000.0;218000000.0;-753666666.6666666;-323000000.0;887000000.0;1734000000.0;-3000000.0;1734000000.0;1734000000.0;;1280000000.0;606000000.0;;129000000.0;19298445.317063548;39917605.476918966;313769968.652997;612871386.9192233;210247315.22013623;-22000000.0;37108470.8841206;;;192000000.0;1108000000.0;4820000000.0;17000000.0;675000000.0;278666666.6666667;663000000.0;1192000000.0;;-18000000.0;107666666.66666669;88000000.0;1731000000.0;26230000000.0;11900000000.0;8600000000.0;1647000000.0;240000000.0;24454000000.0;8521380334.681746;6845000000.0;6845000000.0;60333333.333333336;446000000.0;1511000000.0;30898000000.0;31116000000.0;4000000.0;88000000.0;-132261390.862131;60333333.333333336;107666666.66666669;2803000000.0;450333333.3333334;-1500104712.8017511;44.11151885986328
2011-03-31;6328000000.0;1544000000.0;15112000000.0;-2643000000.0;177000000.0;57666666.66666666;52372000000.0;18211000000.0;1475000000.0;1475000000.0;11983000000.0;1069000000.0;-1000000.0;1068000000.0;6201000000.0;155000000.0;64000000.0;235000000.0;16000000.0;6410000000.0;6500000000.0;-29000000.0;93000000.0;60000000.0;1748593180.171142;3000000.0;-1688000000.0;14000000.0;276000000.0;150000000.0;316000000.0;1702000000.0;661000000.0;788000000.0;160000000.0;227000000.0;340000000.0;338000000.0;783000000.0;4073934033.8810873;;-72280064.01867509;;249304743.92289835;127623316.90805744;1022378462.0480725;-953063221.1447943;10000000.0;93000000.0;13978000000.0;458000000.0;944000000.0;1238000000.0;1238000000.0;1420000000.0;186400000.0;21000000.0;295000000.0;-177000000.0;-99000000.0;251000000.0;49000000.0;226389280.17995965;-132000000.0;-41000000.0;561000000.0;5079000000.0;73000000.0;2000000000.0;4092000000.0;1757000000.0;335000000.0;1198000000.0;20746000000.0;52372000000.0;10399000000.0;5600000000.0;3400000000.0;1739000000.0;1604205408.2355328;3100000000.0;212000000.0;-747000000.0;-385000000.0;836000000.0;944000000.0;-1000000.0;1722166666.6666667;944000000.0;;1051000000.0;796000000.0;;129000000.0;22526630.56791472;38181736.65873508;139509634.75722826;287663259.57681227;143748047.92097852;-22000000.0;25813873.54778313;;;192000000.0;970000000.0;6422000000.0;23000000.0;844000000.0;291000000.0;770000000.0;1253000000.0;2234000000.0;64000000.0;146000000.0;90000000.0;943000000.0;27330000000.0;12218000000.0;8891000000.0;2416000000.0;254000000.0;25814000000.0;8943814708.846352;8716000000.0;8716000000.0;67000000.0;450000000.0;2688000000.0;31414000000.0;31626000000.0;7000000.0;90000000.0;-158855526.79546383;67000000.0;146000000.0;3740000000.0;844000000.0;1160677194.2540212;67.14305877685547
2011-06-30;7013000000.0;1210000000.0;15983000000.0;-2594000000.0;203000000.0;69333333.33333333;54019000000.0;19942000000.0;1378000000.0;1378000000.0;12044000000.0;1388000000.0;3000000.0;1391000000.0;7023000000.0;288000000.0;168000000.0;452000000.0;-4000000.0;5732000000.0;5900000000.0;-95000000.0;20000000.0;41000000.0;2054901654.1696067;-13000000.0;-1298000000.0;190000000.0;276000000.0;155000000.0;339000000.0;1488000000.0;667000000.0;803750000.0;174000000.0;95000000.0;346750000.0;336000000.0;830000000.0;3070129472.608164;;-9757756.958936036;;259687223.1350755;172173670.3079443;733262472.9400139;-1447525472.0225782;19000000.0;139000000.0;13935000000.0;318000000.0;1106000000.0;1475000000.0;1475000000.0;1109000000.0;233000000.0;25000000.0;366000000.0;-196250000.0;-35500000.0;285000000.0;68750000.0;250222886.65516055;-103000000.0;-34750000.0;629500000.0;4996000000.0;69000000.0;2030000000.0;4306000000.0;1930000000.0;346000000.0;1217000000.0;21957000000.0;54019000000.0;12376000000.0;5600000000.0;3400000000.0;2573000000.0;1419415495.3891325;3900000000.0;214000000.0;-649250000.0;-474750000.0;816500000.0;1339000000.0;3000000.0;1710333333.3333333;1106000000.0;;1157000000.0;871000000.0;;-32000000.0;22180393.18092646;38181736.65873509;113989949.3016212;240037911.1578808;171850422.42879984;19000000.0;30586933.72050501;;;104000000.0;1104000000.0;5745000000.0;28500000.0;714000000.0;301750000.0;817500000.0;1244000000.0;1687000000.0;71250000.0;131500000.0;96250000.0;1342000000.0;28298000000.0;12315000000.0;9356000000.0;1822000000.0;281000000.0;26815000000.0;8711346172.374165;8990000000.0;8990000000.0;70000000.0;1244000000.0;3555000000.0;31848000000.0;32062000000.0;4500000.0;96250000.0;-160629879.21838918;70000000.0;131500000.0;4417000000.0;714000000.0;1499284576.4333887;62.38725662231445
2011-09-30;7023000000.0;1207000000.0;16377000000.0;-2798000000.0;182000000.0;81000000.0;55581000000.0;21260000000.0;1732000000.0;1732000000.0;11606000000.0;1097000000.0;4000000.0;1101000000.0;7444000000.0;96000000.0;219000000.0;330000000.0;15000000.0;8730000000.0;9000000000.0;87000000.0;-20000000.0;22000000.0;2168667115.937844;3000000.0;-1514000000.0;148000000.0;274000000.0;61000000.0;273000000.0;1662000000.0;687000000.0;819500000.0;69000000.0;-165000000.0;353500000.0;334000000.0;894000000.0;2741686009.912513;;47642392.91903937;;269526006.21880656;199493649.3585345;1912783036.22726;3950768.64152193;74000000.0;87000000.0;14118000000.0;255000000.0;1285000000.0;1687000000.0;1687000000.0;1289000000.0;16000000.0;29000000.0;398000000.0;-215500000.0;28000000.0;319000000.0;88500000.0;144784701.43621433;-74000000.0;-28500000.0;698000000.0;4927000000.0;70000000.0;2143000000.0;4469000000.0;1971000000.0;355000000.0;1222000000.0;23958000000.0;55581000000.0;11307000000.0;5600000000.0;3400000000.0;2395000000.0;4366682283.343197;4600000000.0;123000000.0;-551500000.0;-564500000.0;797000000.0;1301000000.0;4000000.0;1698500000.0;1285000000.0;;1086000000.0;772000000.0;111745274.46794008;-148000000.0;30266443.45762129;38181736.65873509;45000000.0;110000000.0;37000000.0;-32000000.0;10000000.0;;;-258000000.0;1215000000.0;8740000000.0;34000000.0;584000000.0;312500000.0;865000000.0;1034000000.0;1140000000.0;78500000.0;117000000.0;102500000.0;1305000000.0;28960000000.0;12583000000.0;9493000000.0;1228000000.0;266000000.0;27780000000.0;8657743636.72662;9546000000.0;9546000000.0;73000000.0;348000000.0;4332000000.0;31500000000.0;31623000000.0;2000000.0;102500000.0;-204086585.86488152;73000000.0;117000000.0;5088000000.0;584000000.0;2113499595.6532311;43.269554138183594
2011-12-31;7158500000.0;1309000000.0;16728500000.0;-3081500000.0;176500000.0;80500000.0;55973500000.0;21276000000.0;1539000000.0;1539000000.0;11645500000.0;1295000000.0;4500000.0;1299500000.0;7627500000.0;143000000.0;214000000.0;373000000.0;16000000.0;8584500000.0;8900000000.0;27500000.0;-500000.0;3000000.0;2187891225.9383726;0.0;-1388000000.0;317500000.0;259500000.0;103000000.0;342500000.0;1705500000.0;693000000.0;835250000.0;32000000.0;-27500000.0;360250000.0;351500000.0;974000000.0;2583042260.116316;;66652519.63003564;;272017335.98626214;209682282.3127057;366163555.3271623;-1897625377.7253745;46500000.0;92000000.0;14158500000.0;268000000.0;1283500000.0;1687000000.0;1687000000.0;1288000000.0;17500000.0;33000000.0;399000000.0;-234750000.0;91500000.0;353000000.0;108250000.0;150083014.24938673;-45000000.0;-22250000.0;766500000.0;4866000000.0;75000000.0;2296500000.0;4793500000.0;2135500000.0;361500000.0;1262500000.0;23918000000.0;55973500000.0;11054500000.0;5633333333.333333;3414814814.814815;1845500000.0;5104947239.843552;3800000000.0;132000000.0;-453750000.0;-654250000.0;777500000.0;1301000000.0;4500000.0;1686666666.6666667;1283500000.0;;1143500000.0;745000000.0;111745274.46794008;-19000000.0;31000000.0;38093056.45045688;45000000.0;110000000.0;37000000.0;-21000000.0;10000000.0;-260000000.0;-43000000.0;-51500000.0;1193000000.0;8589500000.0;39500000.0;454000000.0;323250000.0;912500000.0;1375500000.0;593000000.0;85750000.0;102500000.0;108750000.0;1307500000.0;29677000000.0;12948500000.0;9947000000.0;634000000.0;270500000.0;28787000000.0;8015761573.424628;9732000000.0;9732000000.0;76000000.0;390000000.0;3535500000.0;31923500000.0;32055500000.0;-500000.0;108750000.0;-216889875.1969213;76000000.0;102500000.0;5427500000.0;454000000.0;2142559761.7585013;50.95859146118164
2012-03-31;7294000000.0;1411000000.0;17080000000.0;-3365000000.0;171000000.0;80000000.0;56366000000.0;21292000000.0;1346000000.0;1346000000.0;11685000000.0;1493000000.0;5000000.0;1498000000.0;7811000000.0;190000000.0;209000000.0;416000000.0;17000000.0;8439000000.0;8800000000.0;-32000000.0;19000000.0;-16000000.0;2207115335.938901;-3000000.0;-1262000000.0;487000000.0;245000000.0;145000000.0;412000000.0;1749000000.0;699000000.0;851000000.0;69000000.0;110000000.0;367000000.0;369000000.0;1054000000.0;88000000.0;;289000000.0;309000000.0;318000000.0;324000000.0;2688738763.4805603;-248106430.2186232;19000000.0;97000000.0;14199000000.0;281000000.0;1282000000.0;1687000000.0;1687000000.0;1287000000.0;19000000.0;37000000.0;400000000.0;-254000000.0;155000000.0;387000000.0;128000000.0;155381327.06255913;-16000000.0;-16000000.0;835000000.0;4805000000.0;80000000.0;2450000000.0;5118000000.0;2300000000.0;368000000.0;1303000000.0;23878000000.0;56366000000.0;10802000000.0;5666666666.666667;3429629629.6296296;1296000000.0;5843212196.343914;3000000000.0;141000000.0;-356000000.0;-744000000.0;758000000.0;1301000000.0;5000000.0;1674833333.3333333;1282000000.0;;1201000000.0;718000000.0;111745274.46794012;110000000.0;31000000.0;38004376.24217865;45000000.0;110000000.0;37000000.0;-10000000.0;10000000.0;-260000000.0;-43000000.0;155000000.0;1171000000.0;8439000000.0;45000000.0;324000000.0;334000000.0;960000000.0;1717000000.0;46000000.0;93000000.0;88000000.0;115000000.0;1310000000.0;30394000000.0;13314000000.0;10401000000.0;40000000.0;275000000.0;29794000000.0;7373779510.122634;9918000000.0;9918000000.0;79000000.0;432000000.0;2739000000.0;32347000000.0;32488000000.0;-3000000.0;115000000.0;-229693164.52896097;79000000.0;88000000.0;5767000000.0;324000000.0;1878343823.91892;50.95634460449219
2012-06-30;7422000000.0;1214000000.0;17335000000.0;-3573000000.0;169000000.0;80000000.0;57013000000.0;21040000000.0;1521000000.0;1521000000.0;11761000000.0;1195000000.0;12000000.0;1207000000.0;8119000000.0;171000000.0;263000000.0;452000000.0;18000000.0;7953000000.0;8800000000.0;9000000.0;-27000000.0;-1666666.666666666;2792443198.956414;1000000.0;-1342000000.0;458000000.0;249000000.0;117000000.0;385000000.0;1800000000.0;714000000.0;866000000.0;66000000.0;-260000000.0;383666666.6666667;369000000.0;1124000000.0;88000000.0;;289000000.0;309000000.0;318000000.0;324000000.0;3362482887.455035;390411406.5841484;52000000.0;101000000.0;14540000000.0;261000000.0;1328000000.0;1779000000.0;1779000000.0;1340000000.0;75000000.0;32333333.33333333;439000000.0;-361666666.6666667;144666666.66666666;317666666.6666667;95000000.0;164000000.0;-21333333.33333333;-12333333.333333334;652666666.6666666;4980000000.0;78000000.0;1886000000.0;4762000000.0;2492000000.0;384000000.0;1264000000.0;24046000000.0;57013000000.0;11526000000.0;5700000000.0;3444444444.4444447;2023000000.0;6471960830.773405;2200000000.0;157000000.0;-499000000.0;-531333333.3333334;884666666.6666666;1403000000.0;12000000.0;1673381264.5648117;1328000000.0;;1525000000.0;761000000.0;49117051.22233867;-203000000.0;31000000.0;72000000.0;5333333.333333336;47666666.66666666;55000000.0;-13000000.0;11333333.333333334;-260000000.0;-43000000.0;-332000000.0;1277000000.0;7953000000.0;18666666.666666668;280333333.3333333;344333333.3333333;938000000.0;1490000000.0;36666666.66666666;73333333.33333333;72000000.0;118666666.66666669;1415000000.0;31024000000.0;13689000000.0;10802000000.0;175000000.0;287000000.0;30830000000.0;8859222832.629272;10341000000.0;10448000000.0;79666666.66666667;498000000.0;1972000000.0;32810000000.0;32967000000.0;-4333333.333333333;118666666.66666669;-221047065.0819333;79666666.66666667;72000000.0;6209000000.0;280333333.3333333;1890970750.4420016;47.5758056640625
2012-09-30;7913000000.0;1459000000.0;17965000000.0;-3325000000.0;187000000.0;84000000.0;59441000000.0;22951000000.0;1852000000.0;1852000000.0;11840000000.0;1672000000.0;3000000.0;1675000000.0;8237000000.0;195000000.0;283000000.0;494000000.0;16000000.0;9397000000.0;9900000000.0;-66000000.0;10000000.0;12666666.666666668;2111575828.524394;-2000000.0;-1297000000.0;345000000.0;256000000.0;151000000.0;390000000.0;1642000000.0;730000000.0;881000000.0;125000000.0;-121500000.0;400333333.3333333;368000000.0;1205000000.0;88000000.0;;289000000.0;309000000.0;318000000.0;324000000.0;4741265830.404915;2419682915.8722973;2000000.0;95000000.0;14524000000.0;246000000.0;1359000000.0;1798000000.0;1798000000.0;1362000000.0;65000000.0;27666666.666666664;436000000.0;-469333333.3333334;134333333.33333334;248333333.3333333;62000000.0;164000000.0;-26666666.666666664;-8666666.666666668;470333333.3333333;4858000000.0;89000000.0;1961000000.0;4921000000.0;2597000000.0;363000000.0;1351000000.0;25130000000.0;59441000000.0;11532000000.0;5733333333.333333;3459259259.259259;1232000000.0;8152821392.226845;3200000000.0;107000000.0;-642000000.0;-318666666.6666667;1011333333.3333334;1424000000.0;3000000.0;1790492338.4058387;1359000000.0;;1475000000.0;903000000.0;-13511172.02326277;138000000.0;31000000.0;72000000.0;-34333333.33333333;-14666666.666666672;73000000.0;-8000000.0;12666666.666666666;92000000.0;-51000000.0;142000000.0;1161000000.0;9397000000.0;-7666666.666666664;236666666.6666667;354666666.6666667;916000000.0;1398000000.0;27333333.33333333;53666666.66666666;56000000.0;122333333.33333331;1427000000.0;32069000000.0;14104000000.0;11450000000.0;310000000.0;291000000.0;31889000000.0;8606757247.262043;10498000000.0;10608000000.0;80333333.33333333;560000000.0;2908000000.0;34204000000.0;34311000000.0;-5666666.666666666;122333333.33333331;-227802019.5552938;80333333.33333333;56000000.0;6200000000.0;236666666.6666667;2237688894.1074214;53.37029266357422
2013-03-31;7842000000.0;1548000000.0;18884000000.0;-3876000000.0;207000000.0;82000000.0;61428000000.0;23727000000.0;2129000000.0;2129000000.0;11946000000.0;1271000000.0;8000000.0;1279000000.0;8409000000.0;116000000.0;248000000.0;379000000.0;15000000.0;8138000000.0;8500000000.0;18000000.0;9000000.0;27000000.0;2559631802.5612936;-2500000.0;-1200000000.0;306000000.0;251000000.0;88000000.0;518000000.0;1506000000.0;761000000.0;896000000.0;117666666.66666669;17000000.0;417000000.0;419000000.0;1377000000.0;246000000.0;;288000000.0;299000000.0;312000000.0;323000000.0;5251957702.507706;3457242050.9148483;44000000.0;95000000.0;14580000000.0;266000000.0;1203000000.0;1617000000.0;1617000000.0;1211000000.0;56000000.0;23000000.0;406000000.0;-577000000.0;124000000.0;179000000.0;29000000.0;164000000.0;-32000000.0;-5000000.0;288000000.0;4734000000.0;98000000.0;1942000000.0;4973000000.0;2648000000.0;383000000.0;1620000000.0;25647000000.0;61428000000.0;12771000000.0;5754733818.480253;;1996000000.0;6782111041.813438;3700000000.0;121000000.0;-785000000.0;-106000000.0;1138000000.0;1259000000.0;8000000.0;1633350581.1574545;1203000000.0;;1385000000.0;1114000000.0;-76139395.26886417;-77000000.0;31000000.0;72000000.0;-74000000.0;-77000000.0;91000000.0;-14000000.0;14000000.0;-80000000.0;-74000000.0;-154000000.0;1176000000.0;8138000000.0;-34000000.0;193000000.0;365000000.0;894000000.0;2056000000.0;18000000.0;34000000.0;40000000.0;126000000.0;1267000000.0;33689000000.0;14805000000.0;11502000000.0;445000000.0;292000000.0;33729000000.0;8222991477.379954;10570000000.0;10668000000.0;81000000.0;966000000.0;3432000000.0;35660000000.0;35781000000.0;-7000000.0;126000000.0;-204037623.8177721;81000000.0;40000000.0;6139000000.0;193000000.0;118971816.32735634;54.85210037231445
2013-06-30;7815000000.0;1361000000.0;19255000000.0;-3920000000.0;194000000.0;81000000.0;63251000000.0;23799000000.0;2586000000.0;2586000000.0;12025000000.0;2050000000.0;5000000.0;2055000000.0;8712000000.0;203000000.0;298000000.0;521000000.0;20000000.0;9098000000.0;9200000000.0;-42000000.0;-7000000.0;23200000.0;2369080731.675025;-3000000.0;-1156000000.0;294000000.0;234000000.0;123000000.0;522000000.0;1450000000.0;776000000.0;922250000.0;110333333.33333331;65666666.66666666;443250000.0;420000000.0;1434000000.0;165000000.0;;289000000.0;302000000.0;315000000.0;325000000.0;5426551328.180956;3697399860.464164;29000000.0;100000000.0;14407000000.0;417000000.0;2219000000.0;2673000000.0;2673000000.0;2224000000.0;-124000000.0;32500000.0;449000000.0;-580750000.0;153500000.0;168500000.0;67000000.0;130750000.0;-53750000.0;-8750000.0;266500000.0;4673000000.0;98000000.0;1908000000.0;4955000000.0;2695000000.0;352000000.0;3235000000.0;26203000000.0;63251000000.0;12454000000.0;13679134635.455542;;2083000000.0;7474435219.165306;3800000000.0;139000000.0;-1015750000.0;14000000.0;1262250000.0;2095000000.0;5000000.0;2448506863.937298;2219000000.0;;1348000000.0;1344000000.0;-78902405.1179348;-157000000.0;31000000.0;56750000.0;-52250000.0;-79750000.0;52500000.0;-15000000.0;8000000.0;34000000.0;-76000000.0;49000000.0;1170000000.0;9098000000.0;-21250000.0;369500000.0;376250000.0;886500000.0;2031000000.0;291000000.0;-30000000.0;66500000.0;128000000.0;1352250000.0;33997000000.0;14742000000.0;11277000000.0;727250000.0;293000000.0;35409000000.0;8144467247.803385;11182000000.0;10668000000.0;80000000.0;775000000.0;3339000000.0;36909000000.0;37048000000.0;-4750000.0;128000000.0;-192454416.69314304;80000000.0;66500000.0;6605000000.0;369500000.0;-654975996.81738;54.16537094116211
2013-09-30;8366000000.0;1471000000.0;19743000000.0;-3726000000.0;254000000.0;80000000.0;65123000000.0;25093000000.0;3149000000.0;3149000000.0;12108000000.0;1908000000.0;10000000.0;1918000000.0;8926000000.0;116000000.0;313000000.0;445000000.0;16000000.0;9916000000.0;10000000000.0;36000000.0;26000000.0;19400000.0;2788202543.9154606;2000000.0;-1201000000.0;278000000.0;237000000.0;94000000.0;486000000.0;1479000000.0;788000000.0;948500000.0;103000000.0;114333333.33333331;469500000.0;418000000.0;1515000000.0;89000000.0;;307000000.0;321000000.0;339000000.0;349000000.0;5698318825.872599;4078257615.788105;18000000.0;110000000.0;14623000000.0;363000000.0;1715000000.0;2231000000.0;2231000000.0;1725000000.0;-82666666.66666666;42000000.0;506000000.0;-584500000.0;183000000.0;158000000.0;105000000.0;97500000.0;-75500000.0;-12500000.0;245000000.0;4732000000.0;98000000.0;1957000000.0;4895000000.0;2642000000.0;296000000.0;3298000000.0;27092000000.0;65123000000.0;12753000000.0;19194051238.40745;;1876000000.0;7597675046.548391;3600000000.0;146000000.0;-1246500000.0;134000000.0;1386500000.0;1715000000.0;10000000.0;2183797896.7284737;1715000000.0;;1428000000.0;1536000000.0;-81665414.96700549;95000000.0;31000000.0;41500000.0;-30500000.0;-82500000.0;14000000.0;-9000000.0;2000000.0;30000000.0;-73000000.0;76000000.0;1111000000.0;9916000000.0;-8500000.0;546000000.0;387500000.0;879000000.0;1833000000.0;564000000.0;-94000000.0;93000000.0;130000000.0;1437500000.0;34571000000.0;14828000000.0;12057000000.0;1009500000.0;286000000.0;36711000000.0;8898691609.371395;11608000000.0;10668000000.0;79000000.0;622000000.0;3286000000.0;37885000000.0;38031000000.0;-2500000.0;130000000.0;-181858254.92422232;79000000.0;93000000.0;7208000000.0;546000000.0;-43089057.0214529;66.01374816894531
2013-12-31;8319000000.0;1601000000.0;20174000000.0;-3140500000.0;310500000.0;83000000.0;65920000000.0;25223000000.0;3450500000.0;3472000000.0;12177000000.0;1749500000.0;13000000.0;1762500000.0;8835500000.0;131500000.0;324500000.0;467500000.0;11500000.0;10393000000.0;10650000000.0;21500000.0;-500000.0;15600000.0;3073460699.0832224;500000.0;-1420000000.0;289500000.0;238000000.0;108500000.0;363000000.0;1593500000.0;790500000.0;974750000.0;95666666.66666669;163000000.0;495750000.0;472500000.0;1594000000.0;174500000.0;;311000000.0;320500000.0;331500000.0;342500000.0;5559037565.002592;3801135545.769597;30000000.0;108000000.0;14727500000.0;360500000.0;1653500000.0;2154000000.0;2154000000.0;1666500000.0;-41333333.33333333;51500000.0;487500000.0;-588250000.0;212500000.0;147500000.0;143000000.0;64250000.0;-97250000.0;-16250000.0;223500000.0;4709000000.0;100500000.0;1894000000.0;4813000000.0;2616000000.0;303000000.0;3352500000.0;26814500000.0;65920000000.0;12326000000.0;21887514733.449043;;1252000000.0;8271542374.69743;3650000000.0;161000000.0;-1477250000.0;254000000.0;1510750000.0;1653500000.0;13000000.0;2011696824.479746;1653500000.0;;1495500000.0;1890000000.0;-84428424.81607616;3500000.0;31500000.0;26250000.0;-8750000.0;-85250000.0;-24500000.0;-9500000.0;-4000000.0;16500000.0;-57000000.0;46000000.0;1129000000.0;10393000000.0;4250000.0;722500000.0;398750000.0;871500000.0;1248000000.0;837000000.0;-158000000.0;119500000.0;132000000.0;1522750000.0;35145000000.0;14971000000.0;11868500000.0;1291750000.0;285000000.0;37873500000.0;9068104804.409595;11423500000.0;12222498854.448296;78000000.0;681500000.0;3306000000.0;38944500000.0;39105500000.0;-250000.0;132000000.0;-159009869.48006546;78000000.0;119500000.0;7965500000.0;722500000.0;-106937888.70061874;67.5603256225586
2014-03-31;8272000000.0;1731000000.0;20605000000.0;-2555000000.0;367000000.0;86000000.0;66717000000.0;25353000000.0;3752000000.0;3752000000.0;12246000000.0;1591000000.0;16000000.0;1607000000.0;8745000000.0;147000000.0;336000000.0;490000000.0;7000000.0;11120000000.0;11300000000.0;7000000.0;-27000000.0;11800000.0;3358718854.250985;-1000000.0;-1407000000.0;301000000.0;249000000.0;123000000.0;240000000.0;1708000000.0;793000000.0;1001000000.0;;74000000.0;522000000.0;527000000.0;1673000000.0;260000000.0;;315000000.0;320000000.0;324000000.0;336000000.0;5419756304.132584;3524013475.7510977;42000000.0;106000000.0;14832000000.0;358000000.0;1592000000.0;2077000000.0;2077000000.0;1608000000.0;0.0;61000000.0;469000000.0;-592000000.0;242000000.0;137000000.0;181000000.0;31000000.0;-119000000.0;-20000000.0;202000000.0;4713000000.0;103000000.0;1831000000.0;4731000000.0;2590000000.0;310000000.0;3407000000.0;26537000000.0;66717000000.0;11899000000.0;24355495623.23851;;628000000.0;9084368828.545769;3700000000.0;176000000.0;-1708000000.0;374000000.0;1635000000.0;1592000000.0;16000000.0;1592000000.0;1592000000.0;;1563000000.0;2244000000.0;-87191434.66514687;-88000000.0;32000000.0;11000000.0;13000000.0;-88000000.0;-63000000.0;-10000000.0;-10000000.0;3000000.0;-41000000.0;16000000.0;1147000000.0;11120000000.0;17000000.0;899000000.0;410000000.0;864000000.0;663000000.0;1110000000.0;-222000000.0;146000000.0;134000000.0;1608000000.0;35719000000.0;15114000000.0;11680000000.0;1574000000.0;284000000.0;39036000000.0;9251166368.404816;11239000000.0;12426685849.401506;77000000.0;741000000.0;3326000000.0;40004000000.0;40180000000.0;2000000.0;134000000.0;-137621489.44767672;77000000.0;146000000.0;8723000000.0;899000000.0;-173886088.90928173;73.42640686035156
2014-06-30;8692000000.0;1529000000.0;21163000000.0;-2399000000.0;407000000.0;86000000.0;68086000000.0;25414000000.0;2267000000.0;2267000000.0;12338000000.0;1751000000.0;21000000.0;1772000000.0;9269000000.0;131000000.0;355000000.0;498000000.0;12000000.0;11740000000.0;12000000000.0;4000000.0;1000000.0;8000000.0;3535421513.997961;3000000.0;-1421000000.0;235000000.0;246000000.0;101000000.0;242000000.0;1656000000.0;800000000.0;1011250000.0;;74000000.0;551250000.0;525000000.0;-1739000000.0;178000000.0;;329000000.0;337000000.0;344000000.0;355000000.0;6552418132.837079;5037653544.406403;48000000.0;123000000.0;15220000000.0;480000000.0;1800000000.0;2327000000.0;2327000000.0;1821000000.0;-205000000.0;54500000.0;506000000.0;-781000000.0;165000000.0;115750000.0;160000000.0;38250000.0;-126500000.0;-29250000.0;-46750000.0;4738000000.0;90000000.0;1760000000.0;4770000000.0;2696000000.0;314000000.0;3342000000.0;27384000000.0;68086000000.0;12251000000.0;26834154459.401222;;837000000.0;9788749124.915926;4900000000.0;166000000.0;-1646600000.0;367866666.6666667;1563866666.6666667;1595000000.0;21000000.0;1437750000.0;1800000000.0;;1459000000.0;2422000000.0;59499270.04914961;58000000.0;24000000.0;19000000.0;1250000.0;58000000.0;-68750000.0;-10000000.0;-10000000.0;-9000000.0;-59000000.0;-3000000.0;1038000000.0;11740000000.0;30250000.0;854000000.0;435500000.0;799500000.0;699000000.0;1225500000.0;-392000000.0;119000000.0;136500000.0;1616000000.0;36906000000.0;15743000000.0;12251000000.0;1466500000.0;309000000.0;40111000000.0;9080732540.212051;12054000000.0;12924705702.92691;77750000.0;668000000.0;4432000000.0;40536000000.0;40702000000.0;3250000.0;136500000.0;-135599442.17445529;77750000.0;119000000.0;9514000000.0;854000000.0;-503037730.4589071;89.16995239257812
2014-09-30;8916000000.0;1499000000.0;21496000000.0;-2741000000.0;282000000.0;88000000.0;68320000000.0;25473000000.0;3118000000.0;3118000000.0;12428000000.0;1607000000.0;15000000.0;1622000000.0;9689000000.0;202000000.0;342000000.0;563000000.0;19000000.0;11626000000.0;11900000000.0;-38000000.0;35000000.0;-7000000.0;3179825306.3081207;-4000000.0;-1446000000.0;287000000.0;234000000.0;73000000.0;206000000.0;1733000000.0;821000000.0;1021500000.0;;74000000.0;580500000.0;522000000.0;1742000000.0;90000000.0;270000000.0;331000000.0;340000000.0;349000000.0;358000000.0;6291000000.0;4575000000.0;48000000.0;125000000.0;15243000000.0;473000000.0;1949000000.0;2520000000.0;2520000000.0;1964000000.0;-205000000.0;48000000.0;556000000.0;-970000000.0;88000000.0;94500000.0;139000000.0;45500000.0;-134000000.0;-38500000.0;-295500000.0;4690000000.0;90000000.0;1769000000.0;4702000000.0;2637000000.0;296000000.0;3223000000.0;27633000000.0;68320000000.0;12388000000.0;72545031646.61253;;27000000.0;8898000000.0;4100000000.0;182000000.0;-1585200000.0;361733333.3333333;1492733333.3333333;1949000000.0;15000000.0;1283500000.0;1949000000.0;1993000000.0;1373000000.0;2658000000.0;-145465824.20918232;-146000000.0;40000000.0;-162000000.0;-10500000.0;-146000000.0;-74500000.0;-8000000.0;-8000000.0;-53000000.0;-32000000.0;-151000000.0;1280000000.0;11626000000.0;43500000.0;809000000.0;461000000.0;735000000.0;606000000.0;1341000000.0;-562000000.0;92000000.0;139000000.0;1964000000.0;37305000000.0;15809000000.0;12352000000.0;1359000000.0;301000000.0;41543000000.0;8971322285.423376;12646000000.0;14026145091.34759;78500000.0;1424000000.0;3641000000.0;40505000000.0;40687000000.0;4500000.0;139000000.0;-118517426.38496262;78500000.0;92000000.0;10725000000.0;809000000.0;-1067480132.2280188;77.1575927734375
2014-12-31;8692500000.0;1565000000.0;21767500000.0;-4206000000.0;287000000.0;88000000.0;66865500000.0;24433500000.0;2619500000.0;3130000000.0;12481500000.0;1251500000.0;14000000.0;1265500000.0;8892500000.0;147000000.0;336000000.0;490000000.0;7000000.0;10748833333.333334;10550000000.0;7000000.0;-27000000.0;-21000000.0;3009674144.2270937;-1000000.0;-1446000000.0;221500000.0;234000000.0;130500000.0;260000000.0;1548000000.0;824000000.0;1031750000.0;;;609750000.0;583000000.0;1729000000.0;220500000.0;270000000.0;316500000.0;331500000.0;340000000.0;350000000.0;6291000000.0;4575000000.0;48000000.0;122000000.0;15377500000.0;454500000.0;1674000000.0;1907000000.0;2520000000.0;1687333333.3333333;-205000000.0;41500000.0;469000000.0;-1159000000.0;11000000.0;73250000.0;118000000.0;52750000.0;-141500000.0;-47750000.0;-544250000.0;4690000000.0;86000000.0;1680000000.0;4684000000.0;2736000000.0;268000000.0;3247500000.0;27589000000.0;66865500000.0;13480000000.0;49249113617.73796;;1603500000.0;8898000000.0;4100000000.0;196000000.0;-1523800000.0;355600000.0;1421600000.0;1462000000.0;14000000.0;1129250000.0;1462000000.0;1993000000.0;1349500000.0;2447500000.0;-128887765.11475845;-146000000.0;33500000.0;-90000000.0;-22250000.0;-129500000.0;-80250000.0;-8000000.0;-11500000.0;-85500000.0;-53000000.0;-151500000.0;1286500000.0;11626000000.0;56750000.0;764000000.0;486500000.0;670500000.0;1012500000.0;1456500000.0;-732000000.0;65000000.0;141500000.0;1476000000.0;37239500000.0;15472000000.0;11397500000.0;1251500000.0;284000000.0;41606000000.0;7914531671.809866;11447000000.0;13683452865.45112;79250000.0;1036000000.0;4161500000.0;39080500000.0;39278000000.0;5750000.0;141500000.0;-101042544.3751117;79250000.0;65000000.0;11494000000.0;764000000.0;-951060776.367156;65.10812377929688
2015-03-31;8469000000.0;1631000000.0;22039000000.0;-4285000000.0;292000000.0;88000000.0;65411000000.0;23394000000.0;2121000000.0;2121000000.0;12535000000.0;896000000.0;13000000.0;909000000.0;8096000000.0;75000000.0;248000000.0;328000000.0;5000000.0;9871666666.666666;9200000000.0;-26000000.0;4000000.0;-22000000.0;2839522982.1460667;-1000000.0;-1446000000.0;156000000.0;234000000.0;188000000.0;314000000.0;1363000000.0;827000000.0;1042000000.0;59000000.0;;639000000.0;644000000.0;1716000000.0;351000000.0;270000000.0;302000000.0;323000000.0;331000000.0;342000000.0;6291000000.0;4575000000.0;49082739.192848645;119000000.0;15512000000.0;436000000.0;1399000000.0;1294000000.0;2520000000.0;1410666666.6666665;-273807236.5409591;35000000.0;306000000.0;-1348000000.0;-66000000.0;52000000.0;97000000.0;60000000.0;-149000000.0;-57000000.0;-793000000.0;4690000000.0;82000000.0;1591000000.0;4666000000.0;2835000000.0;240000000.0;3272000000.0;27545000000.0;65411000000.0;14572000000.0;25953195588.8634;;3180000000.0;8898000000.0;4100000000.0;210000000.0;-1462400000.0;349466666.6666667;1350466666.6666667;975000000.0;13000000.0;975000000.0;975000000.0;1993000000.0;1326000000.0;2237000000.0;-112309706.0203345;-146000000.0;27000000.0;-18000000.0;-34000000.0;-113000000.0;-86000000.0;-8000000.0;-15000000.0;-118000000.0;-74000000.0;-152000000.0;1293000000.0;11626000000.0;70000000.0;719000000.0;512000000.0;606000000.0;1419000000.0;1572000000.0;-902000000.0;38000000.0;144000000.0;988000000.0;37174000000.0;15135000000.0;10443000000.0;1144000000.0;267000000.0;41669000000.0;6857741058.1963625;10248000000.0;13241907318.676737;80000000.0;648000000.0;4682000000.0;37656000000.0;37869000000.0;7000000.0;144000000.0;-83567662.36526144;80000000.0;38000000.0;12263000000.0;719000000.0;-834164752.5086126;63.97764587402344
2015-06-30;7479000000.0;1424000000.0;22484000000.0;-4108000000.0;282000000.0;93000000.0;64753000000.0;22861000000.0;3541000000.0;3541000000.0;12586000000.0;1301000000.0;10000000.0;1311000000.0;7136000000.0;41000000.0;302000000.0;352000000.0;9000000.0;8994500000.0;9300000000.0;-3000000.0;-25000000.0;-50000000.0;2798615891.749136;-1000000.0;-3843140944.479412;168000000.0;231262584.59638995;194000000.0;299000000.0;1333000000.0;819000000.0;1017000000.0;36000000.0;;634666666.6666666;640000000.0;1802000000.0;355000000.0;174000000.0;306000000.0;327000000.0;336000000.0;347000000.0;6327000000.0;4525000000.0;30034052.43122612;120000000.0;15525000000.0;469000000.0;1124000000.0;1436000000.0;2477140966.091927;1134000000.0;-259266731.1019869;31666666.666666668;302000000.0;-1226333333.3333333;-78666666.66666667;-7000000.0;36333333.333333336;38333333.33333333;-141000000.0;-37333333.33333333;-666666666.6666666;6755650879.412657;86000000.0;1582000000.0;4581000000.0;2774000000.0;225000000.0;3362000000.0;26568000000.0;64753000000.0;13774000000.0;14020674925.227425;;2092000000.0;9110000000.0;3868965199.561325;220000000.0;-1007994835.3263842;80733183.760643;2187079157.5433087;1124000000.0;10000000.0;1124000000.0;1124000000.0;1708000000.0;1269000000.0;2250000000.0;20314766.73505676;9683747.942701371;24000000.0;8000000.0;-19666666.666666664;19000000.0;-78333333.33333333;-7033745.357279755;-7000000.0;-22000000.0;-69000000.0;42000000.0;1003000000.0;7587849178.473959;55333333.333333336;637666666.6666666;551000000.0;587000000.0;1348000000.0;2228666666.6666665;-788333333.3333334;41000000.0;134666666.66666666;1134000000.0;37332000000.0;14848000000.0;9569000000.0;929333333.3333334;279000000.0;42158000000.0;6418228938.378354;9010000000.0;13065306375.820078;73666666.66666667;2139000000.0;3733000000.0;37965000000.0;38185000000.0;11000000.0;134666666.66666666;-43059827.81651986;73666666.66666667;41000000.0;12671000000.0;637666666.6666666;83093891.16949463;66.45227813720703
2015-09-30;7186000000.0;1425000000.0;22819000000.0;-4193000000.0;308000000.0;88000000.0;63342000000.0;21532000000.0;3172000000.0;3172000000.0;12642000000.0;904000000.0;14000000.0;918000000.0;6798000000.0;31000000.0;280000000.0;319000000.0;8000000.0;8117333333.333334;7600000000.0;-67000000.0;4000000.0;-69000000.0;3038738737.147704;-6000000.0;-4812342270.78647;150000000.0;221451062.08337703;228000000.0;294000000.0;1276000000.0;798000000.0;992000000.0;31000000.0;;630333333.3333334;638000000.0;1890000000.0;361000000.0;90000000.0;313000000.0;333000000.0;343000000.0;352000000.0;6414000000.0;4524000000.0;35434453.317253135;122000000.0;15610000000.0;439000000.0;989000000.0;1253000000.0;2397265822.9742856;1003000000.0;-247642528.89348492;28333333.33333333;250000000.0;-1104666666.6666667;-91333333.33333331;-66000000.0;-24333333.33333333;16666666.666666664;-133000000.0;-17666666.666666664;-540333333.3333334;7096111350.093412;86000000.0;1385000000.0;4228000000.0;2642000000.0;201000000.0;3359000000.0;25163000000.0;63342000000.0;14010000000.0;19125440813.057167;;3250000000.0;7487000000.0;3640501181.646499;238000000.0;-868003487.8537576;-44509821.28795385;1991236570.615384;989000000.0;14000000.0;989000000.0;989000000.0;1521000000.0;1177000000.0;2358000000.0;-165560441.29333258;-25777092.8422387;25000000.0;-26000000.0;-5333333.333333332;-166000000.0;-70666666.66666667;695052.2125513554;-13000000.0;-21000000.0;-87000000.0;-13000000.0;1108000000.0;6072970726.984508;40666666.66666667;556333333.3333334;590000000.0;568000000.0;1282000000.0;2885333333.333333;-674666666.6666666;44000000.0;125333333.33333331;1003000000.0;37373000000.0;14554000000.0;9372000000.0;714666666.6666667;273000000.0;42515000000.0;7480260465.106665;8472000000.0;13066753903.79448;67333333.33333333;1511000000.0;3433000000.0;37941000000.0;38179000000.0;15000000.0;125333333.33333331;8727097.208580077;67333333.33333333;44000000.0;13023000000.0;556333333.3333334;-647556570.1145229;53.527549743652344
2016-03-31;6725000000.0;1269000000.0;24016000000.0;-4466000000.0;333000000.0;89000000.0;69141000000.0;27700000000.0;2080000000.0;3172000000.0;12700000000.0;593000000.0;22000000.0;615000000.0;5460000000.0;40000000.0;217000000.0;258000000.0;1000000.0;;17500000000.0;-116000000.0;-35000000.0;-159000000.0;3477384955.695307;-7000000.0;-15116791760.05058;208000000.0;321022787.29771894;613000000.0;264000000.0;923000000.0;682000000.0;967000000.0;17000000.0;;626000000.0;632000000.0;1998000000.0;372000000.0;287000000.0;307000000.0;330000000.0;351000000.0;364000000.0;6549000000.0;4551000000.0;42504069.022597566;110000000.0;15649000000.0;401000000.0;989000000.0;622000000.0;3149002659.7737617;1003000000.0;-192153547.42009076;25000000.0;99000000.0;-983000000.0;-104000000.0;-125000000.0;-85000000.0;-5000000.0;-125000000.0;2000000.0;-414000000.0;8371809122.550201;133000000.0;1102000000.0;3612000000.0;2355000000.0;155000000.0;3341000000.0;33479000000.0;69141000000.0;12880000000.0;2242145079.406109;;3267000000.0;17233000000.0;10432736434.254251;303000000.0;-723021557.5720439;-144181089.914719;1929384745.7312555;501000000.0;22000000.0;501000000.0;501000000.0;901000000.0;1066000000.0;3132000000.0;18305305.026641726;-72198557.14252388;25000000.0;3000000.0;9000000.0;17000000.0;-63000000.0;-1410290.8253781945;-7000000.0;-94000000.0;-45000000.0;-85000000.0;1051000000.0;14284616633.297035;26000000.0;475000000.0;629000000.0;549000000.0;1392000000.0;3542000000.0;-561000000.0;47000000.0;116000000.0;523000000.0;37275000000.0;13259000000.0;8382000000.0;500000000.0;240000000.0;40745000000.0;8765998451.892658;6520000000.0;13306135771.20063;61000000.0;987000000.0;12352000000.0;35359000000.0;35662000000.0;19000000.0;116000000.0;12569304.369693696;61000000.0;47000000.0;13620000000.0;475000000.0;1771816693.7944388;58.03135299682617
2016-06-30;9494000000.0;1043000000.0;26972000000.0;-4478000000.0;381000000.0;160000000.0;81171000000.0;27195000000.0;2947000000.0;3172000000.0;12835000000.0;-2174000000.0;14000000.0;-2160000000.0;5460000000.0;40000000.0;217000000.0;258000000.0;1000000.0;;19000000000.0;-116000000.0;-35000000.0;-151090909.0909091;3431398837.047289;-7000000.0;-59674185020.26032;391000000.0;584019281.3272853;721000000.0;265000000.0;2631000000.0;744000000.0;972500000.0;67000000.0;;643750000.0;701000000.0;2415000000.0;672000000.0;335000000.0;565000000.0;587000000.0;611000000.0;651000000.0;12336000000.0;9921000000.0;32488780.10669294;103000000.0;24603000000.0;386000000.0;989000000.0;-2514000000.0;2046525002.4536085;1003000000.0;-44205548.102755874;21250000.0;-368000000.0;-904750000.0;-85750000.0;-85500000.0;-35000000.0;10250000.0;-116250000.0;-5500000.0;-325000000.0;19731403471.15123;149000000.0;2487000000.0;5001000000.0;1874000000.0;640000000.0;1276000000.0;38192000000.0;81171000000.0;14609000000.0;8231143593.272598;;2385000000.0;18252000000.0;7305064029.000294;369000000.0;-677120516.1201489;-175736850.16643035;1256735783.1516497;-2160000000.0;14000000.0;-2160000000.0;-2160000000.0;747000000.0;1237000000.0;3588000000.0;-69106279.2894116;-6434816.050453203;26000000.0;1250000.0;9500000.0;-70000000.0;-62750000.0;-3471397.1046741903;-7000000.0;14000000.0;-34000000.0;17000000.0;1359000000.0;17460532767.890472;25500000.0;449250000.0;645750000.0;507000000.0;1341000000.0;2740000000.0;-674500000.0;45000000.0;111000000.0;-2146000000.0;40198000000.0;13226000000.0;9374000000.0;375250000.0;257000000.0;37889000000.0;3776079322.606236;7164000000.0;15216026741.337284;67750000.0;986000000.0;8245000000.0;42610000000.0;42979000000.0;7500000.0;111000000.0;23951582.792686224;67750000.0;45000000.0;3636000000.0;449250000.0;-1501720664.152773;62.6274299621582
2016-09-30;9439000000.0;1092000000.0;26955000000.0;-4388000000.0;371000000.0;156000000.0;80594000000.0;26425000000.0;3441000000.0;2563604522.757846;12823000000.0;268000000.0;14000000.0;282000000.0;5460000000.0;40000000.0;217000000.0;258000000.0;1000000.0;;18200000000.0;-116000000.0;-35000000.0;-143181818.1818182;3458957526.305519;-7000000.0;-89773437974.667;391000000.0;581368034.9189106;717000000.0;260000000.0;2622000000.0;627000000.0;978000000.0;49000000.0;;661500000.0;702000000.0;2567000000.0;668000000.0;166000000.0;571000000.0;596000000.0;633000000.0;660000000.0;12404000000.0;9837000000.0;35925398.85234649;92000000.0;24957000000.0;354000000.0;;200000000.0;2525945755.012091;1548428246.6745582;-36830897.21034479;17500000.0;10000000.0;-826500000.0;-67500000.0;-46000000.0;15000000.0;25500000.0;-107500000.0;-13000000.0;-236000000.0;24260405720.955677;149000000.0;2122000000.0;4572000000.0;1850000000.0;600000000.0;1283000000.0;38020000000.0;80594000000.0;14972000000.0;7388965666.044342;;1788000000.0;17538000000.0;6596825573.464338;340000000.0;-639447789.0580939;-249454477.0421822;796447912.5628614;176000000.0;14000000.0;176000000.0;176000000.0;815000000.0;1141000000.0;3692000000.0;45000000.0;-29000805.64086961;25000000.0;-500000.0;10000000.0;27000000.0;-62500000.0;-6710278.400710754;-6000000.0;-29000000.0;-40000000.0;-18000000.0;1595000000.0;16697959562.30422;25000000.0;423500000.0;662500000.0;465000000.0;1293000000.0;1938000000.0;-788000000.0;43000000.0;106000000.0;190000000.0;39959000000.0;13004000000.0;9565000000.0;250500000.0;253000000.0;37370000000.0;5303217660.764405;7019000000.0;15129164290.81282;74500000.0;1951000000.0;7315000000.0;42234000000.0;42574000000.0;-4000000.0;106000000.0;493159.73482352495;74500000.0;43000000.0;3571000000.0;423500000.0;-1609631035.6697006;62.67585372924805
2016-12-31;9423500000.0;1153500000.0;27152500000.0;-4458500000.0;363500000.0;162500000.0;78384500000.0;24154000000.0;2671500000.0;1967563804.1138992;12801500000.0;330500000.0;9500000.0;340000000.0;;47963130.456242174;186534987.8297726;69025270.38274848;14944775.889193945;;17500000000.0;-117618263.0207215;;-135272727.27272728;3012562121.072564;-7176096.677883174;-95331175408.1209;391000000.0;581438609.9521579;717000000.0;260000000.0;2265000000.0;620000000.0;983500000.0;43000000.0;;679250000.0;703000000.0;2726000000.0;643800000.0;346000000.0;573500000.0;597500000.0;630000000.0;664000000.0;12516000000.0;9790000000.0;34501656.80057573;95000000.0;25001000000.0;296000000.0;;267000000.0;1850890168.301527;1366685255.7672591;-22324876.163465083;13750000.0;30000000.0;-748250000.0;-49250000.0;-6500000.0;65000000.0;40750000.0;-98750000.0;-20500000.0;-147000000.0;25135823056.88279;144000000.0;2090000000.0;4430000000.0;1741500000.0;598500000.0;1382500000.0;36570500000.0;78384500000.0;14374000000.0;18924387563.38813;;1788000000.0;17038000000.0;5887064024.475614;394000000.0;-601607968.646796;-322315917.92761207;231178411.1107068;227500000.0;9500000.0;227500000.0;227500000.0;786000000.0;1373500000.0;3940000000.0;45000000.0;-19652038.524839956;22500000.0;-2250000.0;10500000.0;36000000.0;-62250000.0;-5575484.249713741;-3500000.0;-22000000.0;-41500000.0;-3500000.0;1518500000.0;15435430133.266548;24500000.0;397750000.0;679250000.0;423000000.0;1375000000.0;1136000000.0;-901500000.0;41000000.0;101000000.0;237000000.0;39908000000.0;12755500000.0;9100500000.0;125750000.0;232000000.0;36711000000.0;7462000000.0;6956500000.0;15722256175.76149;81250000.0;1951000000.0;6383000000.0;41420000000.0;41814000000.0;-15500000.0;101000000.0;-18323090.86596101;81250000.0;41000000.0;3634000000.0;397750000.0;-3376214156.5308714;67.98521423339844
2017-03-31;9408000000.0;1215000000.0;27350000000.0;-4529000000.0;356000000.0;169000000.0;76175000000.0;21883000000.0;1902000000.0;1371523085.469947;12780000000.0;393000000.0;5000000.0;398000000.0;;53454918.71548885;165302907.32364005;84210743.2598623;15041077.212573651;;16800000000.0;-120011848.97180969;;-127363636.36363636;2566166715.83961;-7301726.879735869;-100888912841.57428;391000000.0;575980059.9307159;717000000.0;260000000.0;1908000000.0;613000000.0;989000000.0;37000000.0;;697000000.0;704000000.0;2885000000.0;619600000.0;526000000.0;576000000.0;599000000.0;627000000.0;668000000.0;12628000000.0;9743000000.0;33077914.74880497;98000000.0;25045000000.0;238000000.0;;334000000.0;2005809715.3804607;1408393734.8768492;-10292537.650143892;10000000.0;50000000.0;-670000000.0;-31000000.0;33000000.0;115000000.0;56000000.0;-90000000.0;-28000000.0;-58000000.0;26175864678.775352;139000000.0;2058000000.0;4288000000.0;1633000000.0;597000000.0;1482000000.0;35121000000.0;76175000000.0;13776000000.0;19298210807.39805;;1788000000.0;16538000000.0;5177302475.48689;448000000.0;-563768148.2354981;-395177358.8130429;-378723645.9491816;279000000.0;5000000.0;279000000.0;279000000.0;757000000.0;1606000000.0;4188000000.0;45000000.0;-10303271.408810304;20000000.0;-4000000.0;11000000.0;45000000.0;-62000000.0;-4512755.318712041;-1000000.0;-15000000.0;-43000000.0;11000000.0;1442000000.0;14197096501.22203;24000000.0;372000000.0;696000000.0;381000000.0;1457000000.0;334000000.0;-1015000000.0;39000000.0;96000000.0;284000000.0;39857000000.0;12507000000.0;8636000000.0;1000000.0;211000000.0;36052000000.0;7462000000.0;6894000000.0;15652228138.47962;88000000.0;1951000000.0;5451000000.0;40606000000.0;41054000000.0;-27000000.0;96000000.0;-37139341.466745615;88000000.0;39000000.0;3697000000.0;372000000.0;-4876194294.919774;62.997135162353516
2017-06-30;9444000000.0;1159000000.0;27715000000.0;-4558000000.0;345000000.0;167000000.0;74862000000.0;21273000000.0;1903000000.0;896924481.0899798;12843000000.0;-103000000.0;-7000000.0;-110000000.0;;58946706.97473556;177594502.2751152;98592181.89177036;15137378.53595336;;16900000000.0;-103549817.13894312;;-19097197.608373776;1608828555.097238;-6437697.584640663;-94318243996.498;370406451.99226034;564243375.1824056;494667625.5981665;342959904.66370386;2000000000.0;592000000.0;960250000.0;23000000.0;;696000000.0;700000000.0;3041000000.0;595400000.0;350000000.0;597000000.0;621000000.0;668000000.0;681000000.0;12677000000.0;9636000000.0;33225198.409332987;110000000.0;25058000000.0;13000000.0;;17000000.0;1795517395.01973;1351777426.502259;-30655129.70999497;8750000.0;98000000.0;-652500000.0;-12000000.0;45000000.0;98250000.0;59500000.0;-65500000.0;-22750000.0;-5500000.0;25254021922.77136;142000000.0;2067000000.0;4338000000.0;1701000000.0;570000000.0;1553000000.0;34910000000.0;74862000000.0;13527000000.0;19232143405.03043;;;16600000000.0;4312185394.316085;432000000.0;-447635587.21256006;-512317905.1474527;-1023732740.0700032;-74000000.0;-7000000.0;-74000000.0;-74000000.0;950000000.0;1792000000.0;3929000000.0;-71000000.0;-11270385.248399574;20000000.0;1750000.0;8750000.0;-71000000.0;-60250000.0;-2213248.559979759;-1000000.0;-8000000.0;-36000000.0;9500000.0;1398000000.0;13888418189.108208;9250000.0;303250000.0;695000000.0;399250000.0;1385000000.0;253500000.0;-787500000.0;34250000.0;98750000.0;-81000000.0;40073000000.0;12358000000.0;8925000000.0;13500000.0;196000000.0;35284000000.0;7462000000.0;7462000000.0;15667414603.548378;88500000.0;1768534702.2925742;4315000000.0;39520000000.0;39952000000.0;-22000000.0;98750000.0;-28074099.879361093;88500000.0;34250000.0;4049000000.0;303250000.0;-4979696581.5502615;53.48951721191406
2017-09-30;9715000000.0;1310000000.0;28083000000.0;-4460000000.0;321000000.0;165000000.0;73569000000.0;19914000000.0;1690000000.0;710337600.3452556;12863000000.0;643000000.0;11000000.0;654000000.0;;64438495.23398224;198283000.23717248;68556423.85916138;15233679.859333068;;16200000000.0;-94128069.62091658;;-104460850.07637326;2800000000.0;-5943185.974578496;-100999876960.45396;360508391.5925613;546321210.0702462;523549279.3966898;333896002.8494806;1893000000.0;591000000.0;931500000.0;24000000.0;;695000000.0;700000000.0;3221000000.0;571200000.0;170000000.0;603000000.0;628000000.0;675000000.0;687000000.0;12761000000.0;9540000000.0;33372482.069860987;115000000.0;25113000000.0;13000000.0;;677000000.0;2296506758.194725;1486657141.6970398;-37126398.91050738;7500000.0;121000000.0;-635000000.0;7000000.0;57000000.0;81500000.0;63000000.0;-41000000.0;-17500000.0;47000000.0;26245068520.567223;142000000.0;1873000000.0;4308000000.0;1898000000.0;537000000.0;1481000000.0;33559000000.0;73569000000.0;13014000000.0;18765472162.02587;;;15871000000.0;3510276691.435049;437000000.0;-327607778.61024654;-609499210.6059875;-1411079628.4053595;545000000.0;11000000.0;545000000.0;545000000.0;1059000000.0;1218000000.0;4191000000.0;75000000.0;-12237499.08798885;20000000.0;7500000.0;6500000.0;75000000.0;-58500000.0;-1447183.4730924591;-2000000.0;4000000.0;-40000000.0;8000000.0;1441000000.0;13063713409.035212;-5500000.0;234500000.0;694000000.0;417500000.0;1340000000.0;173000000.0;-560000000.0;29500000.0;101500000.0;556000000.0;40421000000.0;12338000000.0;9436000000.0;26000000.0;189000000.0;35136000000.0;7905000000.0;7905000000.0;15544718381.914228;89000000.0;1765353277.1939142;3262000000.0;39573000000.0;40010000000.0;-17000000.0;101500000.0;-7349994.535800099;89000000.0;29500000.0;3966000000.0;234500000.0;-5577509666.936463;56.76361846923828
2017-12-31;9656500000.0;1310500000.0;27315500000.0;-4309500000.0;278000000.0;165000000.0;72523500000.0;18984500000.0;1777500000.0;3250096957.154986;12930500000.0;641500000.0;8000000.0;649500000.0;;;-8.83995015796418e+22;-1.110337327157135e+22;;1100000000.0;14900000000.0;-97564231.35886164;;-99070817.15998544;2800000000.0;-6123537.005023127;-98997022429.05952;351371453.30003923;562742682.4692241;779892186.5181186;302373766.54001564;1736000000.0;557000000.0;902750000.0;24000000.0;;694000000.0;700000000.0;3294000000.0;388077970.38595104;344500000.0;605000000.0;622500000.0;657500000.0;679500000.0;12672500000.0;9378500000.0;33519765.730389006;113000000.0;25116500000.0;13000000.0;;660000000.0;1.036746699544802e+22;2.791198972320912e+21;-19974265.62191966;6250000.0;117000000.0;-617500000.0;26000000.0;69000000.0;64750000.0;66500000.0;-16500000.0;-12250000.0;99500000.0;26417765381.62556;142500000.0;1790500000.0;4241000000.0;1904000000.0;546500000.0;1482000000.0;33855500000.0;72523500000.0;14604500000.0;16757277340.2504;;;14698500000.0;3143972716.0449457;419500000.0;-170707187.71861532;-517744452.7003079;3.744924543765703e+23;535000000.0;8000000.0;535000000.0;535000000.0;1016500000.0;1231000000.0;4765500000.0;57000000.0;-13204612.927578123;9500000.0;13250000.0;4250000.0;57000000.0;-56750000.0;-1778532.954089448;-3000000.0;3500000.0;-48000000.0;6500000.0;1633000000.0;-1.6779743600279636e+21;-20250000.0;165750000.0;693000000.0;435750000.0;1183500000.0;92500000.0;-332500000.0;24750000.0;104250000.0;543000000.0;39262500000.0;11947000000.0;8954000000.0;38500000.0;180500000.0;33579000000.0;7867000000.0;7867000000.0;7.802642537464039e+19;89500000.0;1762171852.095254;2781000000.0;38248500000.0;38668000000.0;-12000000.0;104250000.0;10403082.290916502;89500000.0;24750000.0;3951500000.0;165750000.0;-5648344211.5004;57.3714485168457
2018-03-31;9598000000.0;1311000000.0;26548000000.0;-4159000000.0;235000000.0;165000000.0;71478000000.0;18055000000.0;1865000000.0;5132772035.715961;12998000000.0;640000000.0;5000000.0;645000000.0;;;-8.74569083799925e+22;-1.0984979344547589e+22;;1040000000.0;13600000000.0;-101000393.09680676;;-93680784.2435974;2800000000.0;-6303888.03546776;-96994167897.6651;342234515.00751746;579164154.8682022;1036235093.6395462;270851530.2305505;1579000000.0;523000000.0;874000000.0;24000000.0;;693000000.0;700000000.0;3367000000.0;798658350.9605665;519000000.0;607000000.0;617000000.0;640000000.0;672000000.0;12584000000.0;9217000000.0;33667049.390917;111000000.0;25120000000.0;;;643000000.0;1.0256919948090885e+22;2.761436755078096e+21;-2822132.3333315253;5000000.0;113000000.0;-600000000.0;45000000.0;81000000.0;48000000.0;70000000.0;8000000.0;-7000000.0;152000000.0;26590462242.68389;143000000.0;1708000000.0;4174000000.0;1910000000.0;556000000.0;1483000000.0;34152000000.0;71478000000.0;16195000000.0;14749082518.47493;;;13526000000.0;2777668740.654844;402000000.0;-787000000.0;282000000.0;568000000.0;525000000.0;5000000.0;525000000.0;525000000.0;974000000.0;1244000000.0;5340000000.0;39000000.0;-14171726.7671674;-1000000.0;19000000.0;2000000.0;39000000.0;-55000000.0;-2109882.435086444;-4000000.0;3000000.0;-56000000.0;5000000.0;1825000000.0;9.932916099307138e+19;-35000000.0;97000000.0;692000000.0;454000000.0;1027000000.0;12000000.0;-105000000.0;20000000.0;107000000.0;530000000.0;38104000000.0;11556000000.0;8472000000.0;51000000.0;172000000.0;32022000000.0;7829000000.0;7829000000.0;3.5765721587192558e+19;90000000.0;1758990426.9965937;2300000000.0;36924000000.0;37326000000.0;-7000000.0;107000000.0;-8978666.483301997;90000000.0;20000000.0;3937000000.0;97000000.0;-5719178756.06434;52.75664138793945
2018-06-30;9367000000.0;1264000000.0;26687000000.0;-4305000000.0;249000000.0;174000000.0;70156000000.0;16900000000.0;1461000000.0;4839798540.593706;13030000000.0;284000000.0;11000000.0;295000000.0;;;-8.956301021855593e+22;-1.124951516707656e+22;;980000000.0;13800000000.0;-90813907.66282612;;-82564190.22706014;2500000000.0;-5769238.2474964;-96410010051.95016;334917394.4447161;566782609.9102383;1006839440.8078249;259572007.97285053;1541000000.0;525000000.0;883666666.6666666;;;692000000.0;699000000.0;3431000000.0;719174989.129776;346000000.0;610000000.0;617000000.0;648000000.0;682000000.0;12523000000.0;9092000000.0;35630831.531290464;114000000.0;25121000000.0;;;547000000.0;1.0503922939173047e+22;2.8279365563478966e+21;-5716869.30899623;2333333.333333333;106000000.0;-561000000.0;31666666.666666664;119666666.66666666;63000000.0;46000000.0;-8666666.666666666;-18666666.666666664;194666666.66666663;26533338265.182133;144000000.0;1742000000.0;4120000000.0;1853000000.0;525000000.0;1487000000.0;33259000000.0;70156000000.0;15066000000.0;34105302344.40342;;;13865000000.0;2235447471.470325;413000000.0;-623666666.6666666;111333333.33333334;487333333.3333333;430000000.0;11000000.0;430000000.0;430000000.0;1094000000.0;1125000000.0;5366000000.0;-121000000.0;-27066577.961691067;-1000000.0;-40000000.0;-16000000.0;-121000000.0;-31000000.0;-1990021.4526299464;-5000000.0;1000000.0;-37000000.0;-15000000.0;1816000000.0;1.01721165609337e+20;-9666666.666666668;97333333.33333331;692000000.0;440333333.3333333;971000000.0;612000000.0;-82666666.66666667;20666666.666666668;99666666.66666669;441000000.0;38191000000.0;11504000000.0;8606000000.0;490000000.0;175000000.0;31760000000.0;8303000000.0;7829000000.0;3.662701720550866e+19;96000000.0;1758832282.0047712;1588000000.0;36484000000.0;36897000000.0;-23000000.0;113500000.0;23959858.58908534;87000000.0;6000000.0;4001000000.0;102000000.0;-6567989845.944861;54.58958053588867
2018-09-30;9419000000.0;1265000000.0;26956000000.0;-4313000000.0;245000000.0;167000000.0;70046000000.0;16483000000.0;1493000000.0;5081144756.300297;13058000000.0;635000000.0;14000000.0;649000000.0;;;-8.911980706336e+22;-1.1193846866018866e+22;;920000000.0;14100000000.0;-85911654.71460281;;-104899459.61390544;2500000000.0;-5511937.678390757;-98798364347.0104;322914803.2527035;565031416.3402572;1041724801.8525846;256752127.4084256;1529000000.0;516000000.0;893333333.3333334;;;692000000.0;701000000.0;3591000000.0;608626955.2090244;169000000.0;609000000.0;617000000.0;648000000.0;680000000.0;12521000000.0;8930000000.0;33765238.49793568;105000000.0;25134000000.0;;;787000000.0;1.045194420624313e+22;2.8139424933814857e+21;2607955.55163768;-333333.333333333;129000000.0;-522000000.0;18333333.33333333;158333333.3333333;78000000.0;22000000.0;-25333333.33333333;-30333333.33333333;237333333.3333333;26931549490.42255;147000000.0;1682000000.0;4108000000.0;1885000000.0;541000000.0;1497000000.0;33098000000.0;70046000000.0;14600000000.0;24919299715.14922;;;14159000000.0;2062576364.5814412;415000000.0;-460333333.3333333;-59333333.33333331;406666666.6666666;644000000.0;14000000.0;644000000.0;644000000.0;1152000000.0;1112000000.0;5624000000.0;-47000000.0;-14816469.326893585;-1000000.0;-12000000.0;6000000.0;-50000000.0;-44000000.0;-5007435.824731618;-2000000.0;-2000000.0;-47000000.0;4000000.0;1853000000.0;1.0121779774095756e+20;15666666.666666664;97666666.66666669;692000000.0;426666666.6666667;957000000.0;1212000000.0;-60333333.333333336;21333333.33333333;92333333.33333331;658000000.0;38695000000.0;11739000000.0;8409000000.0;929000000.0;177000000.0;31712000000.0;8504000000.0;7829000000.0;3.6445768165866377e+19;102000000.0;1759148571.9884152;1361000000.0;36533000000.0;36948000000.0;-12000000.0;120000000.0;54279322.16656447;83000000.0;6000000.0;3924000000.0;100000000.0;-6929955846.549106;51.97056579589844
2019-03-31;9702000000.0;1194000000.0;27181000000.0;-4527000000.0;244000000.0;160000000.0;70321000000.0;15773000000.0;1230000000.0;7171689949.21792;13000000000.0;516000000.0;9000000.0;525000000.0;;;-8.685869100643076e+22;3.491946878386975e+22;;860000000.0;16700000000.0;-107109813.8512618;;-72000000.0;2900000000.0;-6624548.240812086;-96290030231.21436;301080498.0840502;625579845.8192039;1696010344.041146;292806314.62500226;1375000000.0;512000000.0;903000000.0;;;693000000.0;702000000.0;3851000000.0;445908596.39789486;510000000.0;609000000.0;622000000.0;628000000.0;657000000.0;12462000000.0;8611000000.0;34648940.46110374;112000000.0;24945000000.0;;;509000000.0;1.1060391261607926e+22;2.9777526889086127e+21;49543191.71715796;-3000000.0;79000000.0;-483000000.0;5000000.0;197000000.0;93000000.0;-2000000.0;-42000000.0;-42000000.0;280000000.0;47183555711.98715;147000000.0;1798000000.0;4224000000.0;1877000000.0;549000000.0;1544000000.0;33797000000.0;70321000000.0;11697000000.0;6500000000.0;3800000000.0;;16449000000.0;1730541991.878562;421000000.0;-297000000.0;-230000000.0;326000000.0;421000000.0;9000000.0;421000000.0;421000000.0;908000000.0;1223000000.0;7331000000.0;77000000.0;-20619152.36442923;-3000000.0;-12000000.0;-3000000.0;77000000.0;-21000000.0;-1357541.6756116971;-2000000.0;-2000000.0;-24000000.0;-5000000.0;3140000000.0;1.5788808696156463e+21;41000000.0;98000000.0;692000000.0;413000000.0;1136000000.0;1812000000.0;-38000000.0;22000000.0;85000000.0;430000000.0;38714000000.0;11533000000.0;8171000000.0;1368000000.0;173000000.0;31386000000.0;7879000000.0;;-1.6322573640744105e+20;108000000.0;1759306716.9802382;925000000.0;36103000000.0;36524000000.0;-11000000.0;85000000.0;111000000.0;108000000.0;22000000.0;3756000000.0;98000000.0;-322539963.9836345;38.623504638671875
2019-06-30;9851000000.0;1123000000.0;27463000000.0;-4544000000.0;238000000.0;164000000.0;70591000000.0;16333000000.0;1466000000.0;6177550201.726413;13037000000.0;475000000.0;2000000.0;477000000.0;;;150041293.1520995;574821975.4567896;;;17400000000.0;-102075171.1853393;;-249250000.0;3000000000.0;-6360299.040114496;-96030506890.32916;293885073.78218925;624148642.8468645;1681726897.534643;289382173.9396291;1330000000.0;514000000.0;875250000.0;;;692000000.0;701000000.0;3910000000.0;189833627.17318532;347000000.0;612000000.0;623000000.0;633000000.0;663000000.0;12395000000.0;8485000000.0;34059805.818991706;114000000.0;24950000000.0;;;593000000.0;7277140514.833195;2827576753.8969784;37707422.88229275;250000.0;99000000.0;-522250000.0;-8250000.0;158250000.0;66000000.0;250000.0;-43000000.0;-40750000.0;151750000.0;47056670671.60034;156000000.0;1818000000.0;4389000000.0;1995000000.0;576000000.0;1558000000.0;34318000000.0;70591000000.0;11773000000.0;6500000000.0;3300000000.0;;16978000000.0;1697795482.6441042;421000000.0;-28500000.0;-500500000.0;440500000.0;492000000.0;2000000.0;492000000.0;492000000.0;968000000.0;1125000000.0;7329000000.0;-37000000.0;-16750697.006072134;-3000000.0;-12000000.0;2000000.0;-37000000.0;-18000000.0;-1145997.2726001516;-2000000.0;-1000000.0;-23000000.0;1000000.0;3118000000.0;14700855085.790085;46750000.0;80000000.0;692000000.0;411500000.0;1119000000.0;1727750000.0;-20000000.0;20750000.0;85000000.0;494000000.0;38822000000.0;11359000000.0;8471000000.0;1048500000.0;179000000.0;31186000000.0;8269000000.0;;16679876107.495884;108000000.0;1759148571.9884157;882000000.0;35852000000.0;36273000000.0;-21000000.0;98000000.0;111000000.0;86000000.0;20750000.0;3827000000.0;101000000.0;-284207734.0107839;34.41415786743164
2019-09-30;10364000000.0;1078000000.0;26356000000.0;-4569000000.0;238000000.0;156000000.0;57990000000.0;16151000000.0;1183000000.0;7444760583.153642;13012000000.0;-11408000000.0;10000000.0;-11398000000.0;;;152274672.0465883;467092147.9735371;;;16900000000.0;-91045506.5794368;;-426500000.0;2600000000.0;-5781393.991738397;122002161592.55827;291475550.6953189;570805266.2184198;2305870606.3586054;285756613.2139398;591000000.0;499000000.0;847500000.0;;;692000000.0;701000000.0;2446000000.0;-826789328.8254375;138000000.0;497000000.0;515000000.0;518000000.0;528000000.0;9728000000.0;7282000000.0;36809100.81551454;120000000.0;16112000000.0;;;-11971000000.0;1815396654.708292;1357129454.0744288;65902611.11486623;3500000.0;-598000000.0;-561500000.0;-21500000.0;119500000.0;39000000.0;2500000.0;-44000000.0;-39500000.0;23500000.0;-33611856579.930576;160000000.0;1771000000.0;4341000000.0;1964000000.0;606000000.0;1335000000.0;33663000000.0;57990000000.0;12483000000.0;6500000000.0;4100000000.0;;16333000000.0;1870666589.5329883;414000000.0;240000000.0;-771000000.0;555000000.0;-11383000000.0;10000000.0;-11383000000.0;-11383000000.0;1096000000.0;1186000000.0;6912000000.0;-21000000.0;-34803488.67840527;-2000000.0;35787371.0352231;-24000000.0;-25000000.0;-20000000.0;-206000.74339549243;-1000000.0;-3000000.0;-23000000.0;-27000000.0;3155000000.0;12837199582.063066;52500000.0;62000000.0;692000000.0;410000000.0;1101000000.0;1643500000.0;-2000000.0;19500000.0;85000000.0;-11373000000.0;35961000000.0;9605000000.0;8332000000.0;729000000.0;176000000.0;19111000000.0;8541000000.0;;11866897612.224936;108000000.0;1759148571.9884157;1109000000.0;23913000000.0;24327000000.0;-19000000.0;111000000.0;111000000.0;135000000.0;19500000.0;3641000000.0;79000000.0;-503449058.4533231;30.37502670288086
2019-12-31;10266000000.0;1117500000.0;25955500000.0;-4646000000.0;243500000.0;144500000.0;53292000000.0;16208500000.0;1279000000.0;7270199407.500753;12987500000.0;-9534500000.0;9000000.0;-9525500000.0;;;138509075.06003457;452376336.9991527;;;16000000000.0;-104625857.11493248;;-603750000.0;2800000000.0;-6494174.820949497;110098557742.14027;226666331.12007484;520021890.0661848;2019698104.4516704;269139459.88786393;491000000.0;474000000.0;819750000.0;;;693000000.0;702500000.0;2121500000.0;-48558635.536492825;187500000.0;378000000.0;397500000.0;408000000.0;417500000.0;7599000000.0;5477500000.0;45449742.23315775;123500000.0;14518000000.0;;;-10030000000.0;3664136772.2126007;1854859663.230679;88520025.46577173;6750000.0;-659500000.0;-600750000.0;-34750000.0;80750000.0;12000000.0;4750000.0;-45000000.0;-38250000.0;-104750000.0;-29998281991.991623;148000000.0;1714000000.0;4244500000.0;1956500000.0;574000000.0;1425000000.0;33137000000.0;53292000000.0;12872500000.0;6375000000.0;3800000000.0;;15871000000.0;2198131681.87757;418000000.0;508500000.0;-1041500000.0;669500000.0;-9379500000.0;9000000.0;-9379500000.0;-9379500000.0;936000000.0;1237000000.0;5933500000.0;-73000000.0;-91540833.9343094;-3500000.0;36119921.81626642;-113000000.0;-76500000.0;-31000000.0;1842390.59907265;-2500000.0;-2000000.0;-37000000.0;-115000000.0;3079500000.0;12083574283.254414;58250000.0;44000000.0;692000000.0;408500000.0;1018500000.0;1559250000.0;16000000.0;18250000.0;85000000.0;-9370500000.0;35033000000.0;9077500000.0;7909000000.0;409500000.0;174500000.0;14896000000.0;7998000000.0;;10801704815.184233;108000000.0;1759385789.4761484;1539000000.0;19737000000.0;20155000000.0;-14500000.0;98000000.0;98000000.0;121500000.0;18250000.0;3500500000.0;52500000.0;-76119432.04329658;36.233585357666016
2020-03-31;10168000000.0;1157000000.0;25555000000.0;-4723000000.0;249000000.0;133000000.0;48594000000.0;16266000000.0;1375000000.0;7095638231.847866;12963000000.0;-7661000000.0;8000000.0;-7653000000.0;;;124743478.07348078;437660526.0247685;;;15100000000.0;-118206207.65042818;;-781000000.0;3000000000.0;-7206955.650160597;98194953891.72206;161857111.54483104;469238513.91395;1733525602.5447366;252522306.56178808;491000000.0;449000000.0;792000000.0;;;694000000.0;704000000.0;1797000000.0;729672057.7524519;237000000.0;259000000.0;280000000.0;298000000.0;307000000.0;5470000000.0;3673000000.0;54090383.65080096;127000000.0;12924000000.0;;;-8089000000.0;5512876889.716908;2352589872.386929;111137439.8166773;10000000.0;-721000000.0;-640000000.0;-48000000.0;42000000.0;-15000000.0;7000000.0;-46000000.0;-37000000.0;-233000000.0;-26384707404.05259;136000000.0;1657000000.0;4148000000.0;1949000000.0;542000000.0;1515000000.0;32611000000.0;48594000000.0;13262000000.0;6250000000.0;3500000000.0;;15409000000.0;2525596774.222152;422000000.0;777000000.0;-1312000000.0;784000000.0;-7376000000.0;8000000.0;-7376000000.0;-7376000000.0;776000000.0;1288000000.0;4955000000.0;-125000000.0;-148278179.19021353;-5000000.0;36452472.59730975;-202000000.0;-128000000.0;-42000000.0;3890781.9415408;-4000000.0;-1000000.0;-51000000.0;-203000000.0;3004000000.0;11329948984.44576;64000000.0;26000000.0;692000000.0;407000000.0;936000000.0;1475000000.0;34000000.0;17000000.0;85000000.0;-7368000000.0;34105000000.0;8550000000.0;7486000000.0;90000000.0;173000000.0;10681000000.0;7455000000.0;;9736512018.14353;108000000.0;1759623006.9638827;1969000000.0;15561000000.0;15983000000.0;-10000000.0;85000000.0;85000000.0;108000000.0;17000000.0;3360000000.0;26000000.0;351210194.3667538;12.338583946228027
2020-06-30;9824000000.0;1054000000.0;25008000000.0;-4738000000.0;312000000.0;80000000.0;44667000000.0;14379000000.0;1462000000.0;7322534294.44185;13044000000.0;-3449000000.0;6000000.0;-3443000000.0;;;51450473.78040373;218592815.0999508;;;17300000000.0;-150859104.498183;;-593000000.0;2800000000.0;-8920781.727805188;49610763807.454544;157632851.81863618;460896137.2720506;1150743391.5135095;246278285.3119899;491000000.0;417000000.0;727000000.0;;;174000000.0;184000000.0;1861000000.0;361348900.8552837;161000000.0;261000000.0;291000000.0;302000000.0;307000000.0;5483000000.0;3622000000.0;36907289.92253321;81000000.0;12954000000.0;;;-3627000000.0;9331888602.967926;3380769810.0693645;116510538.53769426;10750000.0;-199000000.0;-589500000.0;-44250000.0;19250000.0;-7000000.0;2500000.0;-35750000.0;-32250000.0;-170750000.0;-8784612647.27281;144000000.0;1443000000.0;3601000000.0;1677000000.0;481000000.0;1484000000.0;32211000000.0;44667000000.0;11665000000.0;7980000000.0;6170000000.0;;16763000000.0;2645921156.9906263;416000000.0;529750000.0;-931250000.0;695250000.0;-3434000000.0;6000000.0;-3434000000.0;-3434000000.0;396000000.0;1381000000.0;4143000000.0;19000000.0;-35448231.23813145;-5000000.0;31849969.787670005;-24000000.0;20000000.0;10000000.0;-7206317.939902052;14000000.0;-4000000.0;-50000000.0;-28000000.0;2836000000.0;13105450324.430058;54500000.0;43000000.0;562500000.0;349750000.0;905000000.0;1139750000.0;250000.0;9716801.073190955;79250000.0;-3428000000.0;32737000000.0;7729000000.0;5808000000.0;92000000.0;142000000.0;7073000000.0;5356000000.0;;9542957664.822533;102000000.0;1265393060.9398031;2127000000.0;12040000000.0;12456000000.0;-16000000.0;73000000.0;59250000.0;105000000.0;6834159.120315222;3339000000.0;43000000.0;1984219638.49318;16.93521499633789
2020-09-30;9201000000.0;974000000.0;24732000000.0;-4743000000.0;299000000.0;79000000.0;44066000000.0;14215000000.0;1219000000.0;7809930044.051112;12921000000.0;-87000000.0;9000000.0;-78000000.0;;124848166.0856958;-6.661267446709555e+22;-3.4028987991098214e+21;16292994.416509856;500000000.0;17200000000.0;-135534239.25924858;;-405000000.0;2700000000.0;-8116437.9721705085;6899742249.164916;158364234.91987658;439681799.7663111;1065194401.736658;236005863.25587037;;385000000.0;662000000.0;;;173000000.0;184000000.0;1776000000.0;305000000.0;81000000.0;252000000.0;259000000.0;286000000.0;298000000.0;5349000000.0;3573000000.0;30623187.073338155;85000000.0;12962000000.0;;;-54000000.0;8.482308840391497e+21;2.283664054933203e+21;126967316.62774958;11500000.0;19000000.0;-539000000.0;-40500000.0;-3500000.0;1000000.0;-2000000.0;-25500000.0;-27500000.0;-108500000.0;6333256623.422667;138000000.0;1413000000.0;3542000000.0;1609000000.0;520000000.0;1436000000.0;31697000000.0;44066000000.0;11651000000.0;8060000000.0;6980000000.0;;16471000000.0;3019840599.644558;428000000.0;282500000.0;-550500000.0;606500000.0;-82000000.0;9000000.0;-82000000.0;-82000000.0;575000000.0;1284000000.0;4101000000.0;-94000000.0;5815292.584344279;-2000000.0;31637137.28780227;43000000.0;-90000000.0;-46000000.0;-7177131.337907329;9750000.0;-7000000.0;-48000000.0;36000000.0;2721000000.0;3.039907125022884e+20;45000000.0;60000000.0;433000000.0;292500000.0;854000000.0;804500000.0;-33500000.0;11847471.262108352;73500000.0;-73000000.0;32128000000.0;7396000000.0;5552000000.0;94000000.0;137000000.0;6818000000.0;5258000000.0;;5.483642641780182e+18;96000000.0;853398510.663291;2618000000.0;11941000000.0;12369000000.0;-6000000.0;61000000.0;33500000.0;105000000.0;9051422.778062224;3055000000.0;60000000.0;2173209263.563225;14.423930168151855
2020-12-31;8578500000.0;978500000.0;23907500000.0;-4703500000.0;309000000.0;77500000.0;43051000000.0;13511000000.0;844000000.0;7300123458.900127;12792000000.0;216000000.0;11000000.0;227000000.0;;125982833.08140792;-6.353540017152994e+22;-3.2456966887203857e+21;16312891.384150293;500000000.0;17350000000.0;-131684342.35675304;;-217000000.0;2700000000.0;-7914371.560161074;3867276053.581105;152560846.43984842;427938293.3937172;892507881.878622;251011656.2594176;;370000000.0;597000000.0;;;174000000.0;184500000.0;1841000000.0;300000000.0;154500000.0;252000000.0;257000000.0;276500000.0;293000000.0;5326000000.0;3485000000.0;25026407.9732738;83000000.0;12970000000.0;;;166000000.0;8.090455620709048e+21;2.178166703983528e+21;138351943.45719504;12250000.0;46500000.0;-488500000.0;-36750000.0;-26250000.0;9000000.0;-6500000.0;-15250000.0;-22750000.0;-46250000.0;7151384024.749577;137000000.0;1344000000.0;3422500000.0;1577000000.0;501500000.0;1763000000.0;30380500000.0;43051000000.0;10762000000.0;7155000000.0;6400000000.0;;16152500000.0;2648205797.169775;428500000.0;35250000.0;-169750000.0;517750000.0;108500000.0;11000000.0;108500000.0;108500000.0;619500000.0;1304500000.0;3973500000.0;-40000000.0;42565618.48873672;-3500000.0;34044804.94255601;95500000.0;-39000000.0;-52000000.0;-8054566.047915503;5500000.0;-2500000.0;-55500000.0;93000000.0;2537500000.0;2.8994739697515705e+20;35500000.0;77000000.0;303500000.0;235250000.0;928500000.0;469250000.0;-67250000.0;13978141.451025749;67750000.0;119500000.0;30915500000.0;7008000000.0;5410500000.0;96000000.0;136000000.0;6980000000.0;5240500000.0;;5.23031738995069e+18;90000000.0;441483032.8826898;2130000000.0;12242000000.0;12670500000.0;-12000000.0;61500000.0;7750000.0;94500000.0;11268686.435809234;2826500000.0;77000000.0;1439000000.0;20.358552932739258
2021-03-31;7956000000.0;983000000.0;23083000000.0;-4664000000.0;319000000.0;76000000.0;42036000000.0;12807000000.0;1268000000.0;7384494265.98132;12663000000.0;519000000.0;13000000.0;532000000.0;;127117500.07712004;-6.045812587596431e+22;-3.088494578330948e+21;16332788.351790728;500000000.0;17500000000.0;-127834445.45425747;;-29000000.0;2700000000.0;-7712305.148151638;834809857.9970512;146757457.95982003;416194787.0211235;719821362.0205858;266017449.2629649;;355000000.0;532000000.0;;;175000000.0;185000000.0;1906000000.0;295000000.0;228000000.0;252000000.0;255000000.0;267000000.0;288000000.0;5303000000.0;3397000000.0;19429628.87320944;81000000.0;12978000000.0;;;386000000.0;7.698602401026678e+21;2.072669353033874e+21;149736570.28664103;13000000.0;74000000.0;-438000000.0;-33000000.0;-49000000.0;17000000.0;-11000000.0;-5000000.0;-18000000.0;16000000.0;7969511426.076574;136000000.0;1275000000.0;3303000000.0;1545000000.0;483000000.0;2090000000.0;29064000000.0;42036000000.0;9873000000.0;6250000000.0;5820000000.0;;15834000000.0;2276570994.694993;429000000.0;-212000000.0;211000000.0;429000000.0;299000000.0;13000000.0;299000000.0;299000000.0;664000000.0;1325000000.0;3846000000.0;14000000.0;79315944.3931292;-5000000.0;36452472.59730975;148000000.0;12000000.0;-58000000.0;-8932000.757923678;1250000.0;2000000.0;-63000000.0;150000000.0;2354000000.0;2.7590408144803863e+20;26000000.0;94000000.0;174000000.0;178000000.0;1003000000.0;134000000.0;-101000000.0;16108811.639943143;62000000.0;312000000.0;29703000000.0;6620000000.0;5269000000.0;98000000.0;135000000.0;7142000000.0;5223000000.0;;4.976992138140792e+18;84000000.0;29567555.102089167;1642000000.0;12543000000.0;12972000000.0;-18000000.0;62000000.0;-18000000.0;84000000.0;13485950.093556244;2598000000.0;94000000.0;1439000000.0;25.47622299194336
2021-06-30;7635000000.0;924000000.0;22745000000.0;-4776000000.0;314000000.0;75000000.0;40908000000.0;12077000000.0;1439000000.0;7617180413.441378;12730000000.0;319000000.0;12000000.0;331000000.0;;127571366.8754049;-6.036578360880877e+22;-3.083777287027044e+21;16340747.138846902;500000000.0;16700000000.0;-115605739.00990784;;-25250000.0;3000000000.0;-7070466.964608424;-280677988.0389278;141266548.6619256;399146194.052775;887131123.6439834;256550707.3681096;;352000000.0;532250000.0;;;174000000.0;189000000.0;1964000000.0;293000000.0;152000000.0;244000000.0;248000000.0;262000000.0;286000000.0;5275000000.0;3311000000.0;46726200.6244005;70000000.0;12987000000.0;;;542000000.0;7.686843743453999e+21;2.0695036084072323e+21;169745617.2563793;8250000.0;99000000.0;-306250000.0;-22750000.0;79250000.0;57000000.0;-2000000.0;2500000.0;-14750000.0;113000000.0;8412792978.516874;136000000.0;1296000000.0;3267000000.0;1500000000.0;471000000.0;2035000000.0;27849000000.0;40908000000.0;8784000000.0;5750000000.0;5560000000.0;;15687000000.0;1972713850.868276;297000000.0;-201500000.0;129500000.0;354500000.0;431000000.0;12000000.0;431000000.0;431000000.0;807000000.0;781000000.0;4025000000.0;-38000000.0;-99922487.21074978;-6000000.0;37782675.7214831;-131000000.0;-38000000.0;-61000000.0;-13087415.434862236;-3000000.0;3000000.0;-70000000.0;-128000000.0;2422000000.0;2.7548267228179677e+20;25250000.0;222785405.61617208;174250000.0;209500000.0;956000000.0;187125000.0;-71750000.0;32249942.493708603;62500000.0;443000000.0;29218000000.0;6473000000.0;5347000000.0;98000000.0;134000000.0;7399000000.0;5634000000.0;;4.9693904015233e+18;85250000.0;30995491.34404325;1243000000.0;12762000000.0;13059000000.0;-23000000.0;68500000.0;-10500000.0;72000000.0;30283079.477141306;2591000000.0;111686672.42362264;1439000000.0;30.112558364868164
2021-09-30;7615000000.0;907000000.0;22696000000.0;-4697000000.0;320000000.0;75000000.0;41038000000.0;12387000000.0;1569000000.0;6544930858.495369;12571000000.0;629000000.0;12000000.0;641000000.0;;127798300.27454732;7834561.202932835;-164878183.6855418;16344726.53237499;;15300000000.0;-106770927.8813871;;-21500000.0;3000000000.0;-6606761.408139104;210260768.05123007;137643646.0456491;399042526.1644053;796406353.412065;246278285.31198996;;350000000.0;532500000.0;;;174000000.0;188000000.0;2016000000.0;292000000.0;76000000.0;244000000.0;248000000.0;264000000.0;285000000.0;5281000000.0;3265000000.0;35041696.88917843;80000000.0;12990000000.0;;;691000000.0;9449935026.06635;3412551059.528181;199434938.93257588;3500000.0;129000000.0;-174500000.0;-12500000.0;207500000.0;97000000.0;7000000.0;10000000.0;-11500000.0;210000000.0;8169795850.067368;130000000.0;1257000000.0;3296000000.0;1548000000.0;491000000.0;2110000000.0;27373000000.0;41038000000.0;9735000000.0;5750000000.0;5507142857.142858;;14370000000.0;2071714925.2980337;303000000.0;-191000000.0;48000000.0;280000000.0;550000000.0;12000000.0;550000000.0;550000000.0;908000000.0;800000000.0;3911000000.0;30000000.0;-23198122.60333397;-6000000.0;37782675.72148308;-11000000.0;30000000.0;-60000000.0;-10805141.086648934;-3000000.0;2000000.0;-69000000.0;-9000000.0;2363000000.0;11635215574.140636;24500000.0;214801630.11389956;174500000.0;241000000.0;905000000.0;240250000.0;-42500000.0;31249307.643255595;63000000.0;562000000.0;29071000000.0;6375000000.0;5349000000.0;98000000.0;140000000.0;7775000000.0;5847000000.0;;8426419540.704712;86500000.0;31632702.626885533;1373000000.0;13362000000.0;13665000000.0;-6000000.0;75000000.0;-3000000.0;73000000.0;29241777.40227073;2287000000.0;87235140.47192037;1569000000.0;28.006837844848633
2021-12-31;8126500000.0;923500000.0;21779000000.0;-4168000000.0;319500000.0;75000000.0;41502500000.0;12820000000.0;1584500000.0;6439790970.946688;12264000000.0;535000000.0;11000000.0;546000000.0;;127911766.97411852;17427933.133894682;-137527915.6841827;16346716.229139034;;14150000000.0;-107269989.8382129;;-17750000.0;3000000000.0;-6632955.267751508;578652163.3247061;134066959.49487376;407212065.116238;891074433.3469353;178500441.74563217;;344000000.0;532750000.0;;;175500000.0;191500000.0;2057000000.0;291500000.0;151500000.0;248000000.0;252000000.0;262500000.0;282000000.0;5268500000.0;3211500000.0;35041696.88917843;88500000.0;12984000000.0;;;664500000.0;9190356890.778084;3342665693.6262226;235396264.94237489;-1250000.0;123500000.0;-42750000.0;-2250000.0;335750000.0;137000000.0;16000000.0;17500000.0;-8250000.0;307000000.0;7873912627.065748;126500000.0;1313000000.0;3507500000.0;1690000000.0;504500000.0;2032500000.0;26850500000.0;41502500000.0;10215500000.0;5750000000.0;5454285714.285714;;13766500000.0;1948344355.624029;297500000.0;-180500000.0;-33500000.0;205500000.0;530000000.0;11000000.0;530000000.0;530000000.0;901000000.0;986000000.0;4090000000.0;-38000000.0;-23198122.603333965;-5500000.0;37782675.72148309;-11000000.0;-38000000.0;-35500000.0;-8264964.815716192;-1333333.3333333333;2000000.0;-42500000.0;-9000000.0;2261500000.0;11103531110.20324;23750000.0;248618471.5751788;174750000.0;272500000.0;568500000.0;293375000.0;-13250000.0;35487692.11295521;63500000.0;541000000.0;28386000000.0;6607000000.0;5531000000.0;;140500000.0;8153500000.0;5904500000.0;;8173327302.358063;87750000.0;32981566.37292826;1211000000.0;14354500000.0;14652000000.0;-2500000.0;69500000.0;-42000000.0;81000000.0;33652415.8488523;1895000000.0;88763554.99092439;1584500000.0;28.419572830200195
2022-03-31;8638000000.0;940000000.0;22668000000.0;-3639000000.0;319000000.0;75000000.0;41967000000.0;13253000000.0;1600000000.0;6098518108.443116;11957000000.0;441000000.0;10000000.0;451000000.0;;128025233.67368975;19663407.596477687;-146016898.0904808;16348705.925903076;;13000000000.0;-107769051.79503872;;-14000000.0;3000000000.0;-6659149.127363913;947043558.598182;130490272.94409864;417875314.8991989;985742513.2818056;110722598.17927444;;338000000.0;533000000.0;;;177000000.0;195000000.0;2098000000.0;291000000.0;227000000.0;252000000.0;256000000.0;261000000.0;279000000.0;5256000000.0;3158000000.0;35041696.88917844;97000000.0;12978000000.0;;;638000000.0;9389286248.76271;3396222789.0878973;272473255.52218986;-6000000.0;118000000.0;89000000.0;8000000.0;464000000.0;177000000.0;25000000.0;25000000.0;-5000000.0;404000000.0;7585837358.007385;123000000.0;1369000000.0;3719000000.0;1832000000.0;518000000.0;1955000000.0;26328000000.0;41967000000.0;10696000000.0;5750000000.0;5401428571.428572;;13163000000.0;1824973785.9500215;292000000.0;-170000000.0;-115000000.0;131000000.0;510000000.0;10000000.0;510000000.0;510000000.0;894000000.0;1172000000.0;4269000000.0;-106000000.0;-23198122.603333965;-5000000.0;37782675.72148309;-11000000.0;-106000000.0;-11000000.0;-5724788.544783466;333333.3333333335;2000000.0;-16000000.0;-9000000.0;2160000000.0;10331155703.523851;23000000.0;312617982.9762956;175000000.0;304000000.0;232000000.0;346500000.0;16000000.0;7000000.0;64000000.0;520000000.0;29022000000.0;6354000000.0;5713000000.0;;141000000.0;8532000000.0;5962000000.0;;8042504588.603123;89000000.0;34330430.118971586;1049000000.0;15347000000.0;15639000000.0;1000000.0;64000000.0;-81000000.0;89000000.0;7000000.0;1503000000.0;109319080.7005229;1600000000.0;39.321136474609375
2022-06-30;8528000000.0;884000000.0;22801000000.0;-3464000000.0;337000000.0;75000000.0;42827000000.0;14316000000.0;1893000000.0;6179708780.204092;11981000000.0;1134000000.0;11000000.0;1145000000.0;;128479100.4719746;40546289.868205726;-140523964.0921268;16356664.71295925;;12100000000.0;-85116495.42046222;;17500000.0;3100000000.0;-5470202.798311555;1643732894.3108835;123702755.9761688;406677358.20870537;913856688.4713428;110722598.17927444;;340000000.0;540500000.0;;;247000000.0;270000000.0;2234000000.0;289000000.0;149000000.0;250000000.0;253000000.0;261000000.0;278000000.0;5336000000.0;3102000000.0;;86000000.0;13009000000.0;;;1152000000.0;9215754205.18906;3349503328.886091;241085045.0352808;3500000.0;182000000.0;-51500000.0;-15000000.0;420000000.0;119250000.0;21250000.0;16750000.0;-3250000.0;430250000.0;6963393982.135606;124000000.0;1392000000.0;3968000000.0;2013000000.0;563000000.0;1767000000.0;26202000000.0;42827000000.0;10583000000.0;5750000000.0;5348571428.571428;;12946000000.0;1729018898.4257956;300000000.0;-112000000.0;-223000000.0;180750000.0;959000000.0;11000000.0;959000000.0;959000000.0;1159000000.0;1285000000.0;4247000000.0;216000000.0;;-6000000.0;37782675.7214831;;216000000.0;-10000000.0;-10661463.8122876;2000000.0;;-14000000.0;;2342000000.0;10147694439.539389;37500000.0;221502745.4053223;193500000.0;330500000.0;232000000.0;660726878.2067888;-500000.0;14000000.0;69500000.0;970000000.0;29187000000.0;6386000000.0;6247000000.0;;154000000.0;9244000000.0;6773000000.0;;7935597819.112362;87000000.0;105047668.83085597;923000000.0;16325000000.0;16625000000.0;2000000.0;71000000.0;-4000000.0;71000000.0;23000000.0;1436000000.0;70873436.18198422;1893000000.0;34.16234588623047
2022-09-30;9034000000.0;938000000.0;21877000000.0;-3396000000.0;335000000.0;76000000.0;44093000000.0;15611000000.0;2180000000.0;6445319688.267724;11867000000.0;975000000.0;12000000.0;987000000.0;;128706033.87111704;60205684.49947012;-126870166.55726177;16360644.106487336;;11200000000.0;-64467135.63008548;;49000000.0;2900000000.0;-4386396.621468576;2215263904.9544954;118097786.1793176;412676248.1291645;873751603.1206763;110924018.21959049;;343000000.0;548000000.0;;;248000000.0;263000000.0;2330000000.0;288000000.0;72000000.0;252000000.0;254000000.0;263000000.0;278000000.0;5373000000.0;3043000000.0;;94000000.0;12990000000.0;;;1134000000.0;8818226289.124636;3242478198.1309395;219375314.83031;13000000.0;215000000.0;-192000000.0;-38000000.0;376000000.0;61500000.0;17500000.0;8500000.0;-1500000.0;456500000.0;6551409150.543126;122000000.0;1416000000.0;4143000000.0;2123000000.0;604000000.0;1762000000.0;26582000000.0;44093000000.0;11134000000.0;5750000000.0;;;12452000000.0;2114361541.9754665;312000000.0;-54000000.0;-331000000.0;230500000.0;907000000.0;12000000.0;907000000.0;907000000.0;1400000000.0;1209000000.0;4280000000.0;-18000000.0;;-6000000.0;37782675.7214831;;-18000000.0;-11000000.0;-9853569.504149375;1000000.0;;-16000000.0;;2677000000.0;10119210576.66145;52000000.0;118874396.79126744;212000000.0;357000000.0;233000000.0;1278494973.2220807;-17000000.0;21000000.0;75000000.0;919000000.0;28568000000.0;6691000000.0;6650000000.0;;160000000.0;9904000000.0;7477000000.0;;7884323798.101315;85000000.0;162797018.21331608;1429000000.0;17199000000.0;17511000000.0;2000000.0;78000000.0;78000000.0;76000000.0;-7000000.0;1176000000.0;25920671.70468849;2180000000.0;34.45447540283203
2022-12-31;8867000000.0;988000000.0;21907000000.0;-3664500000.0;337000000.0;76000000.0;43974000000.0;15505500000.0;1840500000.0;5844791538.265649;11565500000.0;915500000.0;11000000.0;926500000.0;;128479100.4719746;78020540.28650558;-138248370.41008294;16356664.71295925;;10500000000.0;-64708246.2423792;;80500000.0;2950000000.0;-4399051.59835692;3425364162.165174;115381851.44390762;399158879.0921267;784203377.0312165;104377866.9093182;;345000000.0;555500000.0;;;302500000.0;318500000.0;2399000000.0;289000000.0;147500000.0;257500000.0;258500000.0;266500000.0;276500000.0;5431000000.0;3032000000.0;;92500000.0;13051500000.0;;;1147500000.0;8256893384.389538;3091352390.1091776;189501889.31090024;22500000.0;216000000.0;-332500000.0;-61000000.0;332000000.0;3750000.0;13750000.0;250000.0;250000.0;482750000.0;6147089974.520798;119500000.0;1416500000.0;4214500000.0;2171000000.0;627000000.0;1658000000.0;26028500000.0;43974000000.0;11693000000.0;5750000000.0;;;11575000000.0;1952152089.2559404;312000000.0;4000000.0;-439000000.0;280250000.0;920500000.0;11000000.0;920500000.0;920500000.0;1395500000.0;1120500000.0;4178000000.0;-26000000.0;;-6000000.0;37782675.7214831;;-26000000.0;-2500000.0;-10277164.056064554;1500000.0;;-7000000.0;;2420000000.0;9205091141.19212;66500000.0;182111646.69019288;230500000.0;383500000.0;200500000.0;653193120.9505049;-33500000.0;28000000.0;80500000.0;931500000.0;28635666666.666668;6691000000.0;7114000000.0;;167000000.0;10600000000.0;7606500000.0;;7914312678.363157;83000000.0;230430429.58466685;1216000000.0;17633500000.0;17989000000.0;2000000.0;82000000.0;-5000000.0;78500000.0;14000000.0;867500000.0;85973623.62640128;1655000000.0;49.595245361328125
2023-03-31;8700000000.0;1038000000.0;21937000000.0;-3933000000.0;339000000.0;76000000.0;43855000000.0;15400000000.0;1501000000.0;5239852126.360079;11264000000.0;856000000.0;10000000.0;866000000.0;;128252167.07283217;95835396.07354093;-149626574.26290417;16352685.319431163;;9800000000.0;-64949356.85467291;;112000000.0;3000000000.0;-4411706.575245264;-3134388416.6924896;112665916.70849766;385641510.055089;694655150.9417554;97831715.59904584;;347000000.0;563000000.0;;;357000000.0;374000000.0;2468000000.0;290000000.0;223000000.0;263000000.0;263000000.0;270000000.0;275000000.0;5489000000.0;3021000000.0;;91000000.0;13113000000.0;;;1161000000.0;7702697822.061926;2942148145.262067;159628463.79149085;32000000.0;217000000.0;-473000000.0;-84000000.0;288000000.0;-54000000.0;10000000.0;-8000000.0;2000000.0;509000000.0;8263638698.985947;117000000.0;1417000000.0;4286000000.0;2219000000.0;650000000.0;1554000000.0;25475000000.0;43855000000.0;12252000000.0;5750000000.0;5190000000.0;;10698000000.0;1789942636.536415;312000000.0;62000000.0;-547000000.0;330000000.0;934000000.0;10000000.0;934000000.0;934000000.0;1391000000.0;1032000000.0;4076000000.0;-34000000.0;;-6000000.0;37782675.72148309;;-34000000.0;6000000.0;-10700758.607979745;2000000.0;;2000000.0;;2163000000.0;8295607056.028482;81000000.0;230000000.0;249000000.0;410000000.0;168000000.0;559000000.0;-50000000.0;35000000.0;86000000.0;944000000.0;28703333333.33333;6691000000.0;7578000000.0;;174000000.0;11296000000.0;7736000000.0;;8020897523.344582;81000000.0;298063840.95601726;1003000000.0;18068000000.0;18380000000.0;2000000.0;86000000.0;-88000000.0;81000000.0;35000000.0;559000000.0;230000000.0;1501000000.0;47.507728576660156
2023-06-30;8938000000.0;859000000.0;21967000000.0;-3886000000.0;339000000.0;77000000.0;44826000000.0;16154000000.0;1930000000.0;5655902380.637336;11270000000.0;1080000000.0;14000000.0;1094000000.0;;128706033.87111704;99280777.87493914;-150075709.6450442;16360644.106487336;;10300000000.0;-48838237.130268544;;76500000.0;3200000000.0;-3566095.3189919963;-5639575872.169415;107900289.45145711;389749815.27946913;704113585.916828;97630295.55872972;;353000000.0;572250000.0;;;355000000.0;373000000.0;2546000000.0;288000000.0;153000000.0;246000000.0;267000000.0;269000000.0;273000000.0;5514000000.0;2968000000.0;;96000000.0;13117000000.0;;;1293000000.0;7796922977.438099;2967516073.317024;139261860.68804926;28000000.0;246000000.0;-576000000.0;-74500000.0;259000000.0;-52000000.0;5750000.0;-13250000.0;2000000.0;489000000.0;8973480402.484966;127000000.0;1402000000.0;4360000000.0;2308000000.0;650000000.0;1601000000.0;25892000000.0;44826000000.0;12163000000.0;5750000000.0;5067500000.0;;11342000000.0;1988706332.1223133;326000000.0;-20250000.0;-448000000.0;329250000.0;1033000000.0;14000000.0;1033000000.0;1033000000.0;1581000000.0;925000000.0;4182000000.0;-43000000.0;;-6000000.0;37782675.7214831;;-43000000.0;6000000.0;-10436057.500375476;2000000.0;;2000000.0;;2037000000.0;8987001556.733868;52000000.0;240000000.0;276000000.0;407250000.0;167000000.0;505500000.0;-39750000.0;30000000.0;89500000.0;1047000000.0;28771000000.0;6804000000.0;7675000000.0;;163000000.0;11974000000.0;8099000000.0;;8143370134.174652;85750000.0;383804173.6280237;1264000000.0;18608000000.0;18934000000.0;2000000.0;95000000.0;-56000000.0;79000000.0;3000000.0;750000000.0;213000000.0;1930000000.0;47.785552978515625
2023-09-30;9222000000.0;935000000.0;22071000000.0;-3917000000.0;347000000.0;78000000.0;45813000000.0;17038000000.0;2488000000.0;6016688649.028441;11182000000.0;1093000000.0;13000000.0;1106000000.0;;125755899.68226548;114234992.6390218;-154022636.52491897;16308911.990622206;;10000000000.0;-40100968.97682756;;41000000.0;3200000000.0;-3107509.4214357007;-8609470287.278898;103074672.61534464;390108608.4726204;726983393.6535221;97428875.51841366;;365000000.0;581500000.0;;;373000000.0;373000000.0;2622000000.0;301000000.0;79000000.0;248000000.0;269000000.0;272000000.0;278000000.0;5534000000.0;2912000000.0;;81000000.0;13111000000.0;;;1395000000.0;7690914063.445652;2938975642.764181;119292061.04858238;24000000.0;259000000.0;-679000000.0;-65000000.0;230000000.0;-50000000.0;1500000.0;-18500000.0;2000000.0;469000000.0;9841672320.83384;129000000.0;1377000000.0;4305000000.0;2316000000.0;612000000.0;1622000000.0;26106000000.0;45813000000.0;12528000000.0;5750000000.0;4945000000.0;;11147000000.0;1975760037.7738056;321000000.0;-102500000.0;-349000000.0;328500000.0;1123000000.0;13000000.0;1123000000.0;1123000000.0;1683000000.0;949000000.0;4255000000.0;-46000000.0;;-6000000.0;37782675.72148311;;-46000000.0;6000000.0;-15507566.225953862;2000000.0;;2000000.0;;2108000000.0;9010669026.25764;23000000.0;250000000.0;303000000.0;404500000.0;166000000.0;452000000.0;-29500000.0;25000000.0;93000000.0;1136000000.0;28946000000.0;6875000000.0;8049000000.0;;186000000.0;12742000000.0;8310000000.0;;8258548328.225325;90500000.0;469702651.2918526;1247000000.0;19386000000.0;19707000000.0;-1333333.3333333335;104000000.0;-18000000.0;58000000.0;47000000.0;621000000.0;151000000.0;2488000000.0;56.60130310058594
2023-12-31;10904000000.0;994000000.0;22725000000.0;-4254000000.0;337000000.0;79500000.0;47957000000.0;17718000000.0;2900000000.0;6098781377.783601;11624000000.0;1083000000.0;21500000.0;1104500000.0;;125188566.18440944;108148195.64880411;-88751878.8882587;16298963.506801989;;10200000000.0;-41502166.37958589;;5500000.0;4250000000.0;-3181052.9315252267;-85141027406.53064;119390339.05776328;438844550.8306036;57591829.82015184;99241655.88125834;;371000000.0;590750000.0;;;383000000.0;374000000.0;2541000000.0;303500000.0;161500000.0;259000000.0;276000000.0;282500000.0;287500000.0;5780000000.0;3239000000.0;;101000000.0;14084000000.0;;;1376000000.0;8768992549.554754;3229223160.6804934;115452078.81414348;20000000.0;259000000.0;-782000000.0;-55500000.0;201000000.0;-48000000.0;-2750000.0;-23750000.0;-3653621.7849708498;449000000.0;37457568838.67185;121000000.0;1329000000.0;4387000000.0;2296000000.0;762000000.0;1624000000.0;26598000000.0;47957000000.0;13395000000.0;5375000000.0;4822500000.0;;10842000000.0;1855435655.0053315;1170000000.0;-184750000.0;-250000000.0;327750000.0;1095500000.0;21500000.0;1095500000.0;1095500000.0;1666000000.0;1530000000.0;4052000000.0;-11500000.0;;-6000000.0;38780328.0646131;;-11500000.0;5500000.0;-9513672.332722336;1500000.0;;1666666.6666666667;;2046000000.0;9360621618.64648;-6000000.0;260000000.0;330000000.0;401750000.0;175000000.0;398500000.0;-19250000.0;20000000.0;96500000.0;1117000000.0;29965000000.0;7240000000.0;7812000000.0;;184000000.0;13497000000.0;8508500000.0;;9805677948.294842;95250000.0;555759273.9475038;1089000000.0;20189000000.0;21359000000.0;-4666666.666666667;102000000.0;-48000000.0;79000000.0;31000000.0;678000000.0;210500000.0;2900000000.0;51.02417755126953
2024-03-31;10051000000.0;987000000.0;22681000000.0;-4249000000.0;333000000.0;81000000.0;47856000000.0;17700000000.0;2788000000.0;5857056297.700497;11344000000.0;1073000000.0;30000000.0;1103000000.0;;124621232.68655336;123484632.12939858;-100651049.62886888;16289015.02298177;;10000000000.0;-42936453.65819058;;-30000000.0;5300000000.0;-3256333.203054202;-87230442846.8023;113732503.8766247;415217585.9123981;26814373.763984486;99644495.96189047;;377000000.0;600000000.0;;;393000000.0;411000000.0;2622000000.0;306000000.0;244000000.0;270000000.0;283000000.0;293000000.0;297000000.0;5789000000.0;3167000000.0;;121000000.0;14086000000.0;;;1357000000.0;7856243500.790421;2983486742.323368;82110419.82230626;16000000.0;259000000.0;-885000000.0;-46000000.0;172000000.0;-46000000.0;-7000000.0;-29000000.0;2589497.327103017;429000000.0;37920739480.07005;113000000.0;1336000000.0;4549000000.0;2400000000.0;813000000.0;1606000000.0;25933000000.0;47856000000.0;12879000000.0;5000000000.0;4700000000.0;;10740000000.0;1561478618.62159;1187000000.0;-267000000.0;-151000000.0;327000000.0;1068000000.0;30000000.0;1068000000.0;1068000000.0;1649000000.0;1438000000.0;4044000000.0;23000000.0;;-6000000.0;39777980.40774311;;23000000.0;5000000.0;-3517298.3753956407;1000000.0;;1333333.3333333335;;2022000000.0;9081050225.955511;-35000000.0;270000000.0;357000000.0;399000000.0;177000000.0;345000000.0;-9000000.0;15000000.0;100000000.0;1098000000.0;29934000000.0;7253000000.0;8222000000.0;;182000000.0;14172000000.0;8707000000.0;;9802390828.619072;100000000.0;647509116.3087556;703000000.0;20736000000.0;21923000000.0;-8000000.0;100000000.0;-78000000.0;100000000.0;15000000.0;531000000.0;270000000.0;2788000000.0;54.51337814331055
2024-06-30;10099000000.0;867000000.0;22863000000.0;-4247000000.0;318000000.0;82000000.0;49373000000.0;18517000000.0;2953000000.0;6152271859.347274;11401000000.0;1114000000.0;33000000.0;1147000000.0;;122805765.49341395;138935429.00543988;-106162062.32253312;16257179.874757074;;11300000000.0;-43167267.76754248;;-30000000.0;5100000000.0;-3268447.7557549924;-91721656742.77805;112346898.2811788;418314291.5664639;26940745.77720581;99241655.88125832;;384000000.0;600000000.0;;;405000000.0;410000000.0;2704000000.0;314000000.0;167000000.0;279000000.0;292000000.0;301000000.0;305000000.0;5902000000.0;3198000000.0;;94000000.0;14530000000.0;;;1421000000.0;7789650337.275204;2965558084.373569;73565959.00680447;16000000.0;276000000.0;-885000000.0;-46000000.0;172000000.0;-46000000.0;-7000000.0;-29000000.0;-13642612.364289029;429000000.0;39623637164.59401;132000000.0;1243000000.0;4504000000.0;2440000000.0;821000000.0;1678000000.0;27093000000.0;49373000000.0;12409000000.0;5000000000.0;4600000000.0;;12156000000.0;1825735332.6764045;1209000000.0;-267000000.0;-151000000.0;327000000.0;1112000000.0;33000000.0;1112000000.0;1112000000.0;1649000000.0;1405000000.0;4115000000.0;30000000.0;;-5000000.0;39777980.407743104;;30000000.0;4000000.0;-11449980.375050794;2000000.0;;1000000.0;;2218000000.0;10460354052.556463;-35000000.0;270000000.0;357000000.0;399000000.0;175000000.0;345000000.0;-9000000.0;15000000.0;100000000.0;1145000000.0;30198000000.0;7335000000.0;8605000000.0;;188000000.0;14890000000.0;9139000000.0;;10212298210.524223;100000000.0;647350971.3169334;1050000000.0;21071000000.0;22280000000.0;-2000000.0;100000000.0;0.0;73000000.0;5000000.0;973000000.0;465000000.0;2953000000.0;46.277103424072266
