end;AccountsPayableAndAccruedLiabilitiesCurrent;AccruedIncomeTaxesCurrent;AccumulatedOtherComprehensiveIncomeLossNetOfTax;Assets;AssetsCurrent;CashAndCashEquivalentsAtCarryingValue;CashCashEquivalentsRestrictedCashAndRestrictedCashEquivalents;CommonStockValue;ComprehensiveIncomeNetOfTax;ComprehensiveIncomeNetOfTaxAttributableToNoncontrollingInterest;ComprehensiveIncomeNetOfTaxIncludingPortionAttributableToNoncontrollingInterest;CostsAndExpenses;DebtCurrent;DebtInstrumentFairValue;DeferredIncomeTaxLiabilitiesNet;DeferredTaxLiabilitiesNoncurrent;DepreciationDepletionAndAmortization;DueToRelatedPartiesNoncurrent;EnergyRelatedInventory;ExciseAndSalesTaxes;ExplorationExpense;GuaranteeObligationsCurrentCarryingValue;IncomeLossFromContinuingOperationsBeforeIncomeTaxesExtraordinaryItemsNoncontrollingInterest;IncomeLossFromEquityMethodInvestments;IncomeTaxExpenseBenefit;IncomeTaxesPaidNet;IncreaseDecreaseInOtherCurrentAssetsAndLiabilitiesNet;InterestExpense;InterestPaid;InventoryFinishedGoodsAndWorkInProcess;InventoryPartsAndComponentsNetOfReserves;Liabilities;LiabilitiesAndStockholdersEquity;LiabilitiesCurrent;LongTermDebtAndCapitalLeaseObligations;LongTermDebtNoncurrent;LongTermInvestmentsAndReceivablesNet;MinorityInterest;NetCashProvidedByUsedInFinancingActivities;NetCashProvidedByUsedInInvestingActivities;NetCashProvidedByUsedInOperatingActivities;NetIncomeLoss;NetIncomeLossAttributableToNoncontrollingInterest;NetPeriodicDefinedBenefitsExpenseReversalOfExpenseExcludingServiceCostComponent;OtherAssetsCurrent;OtherAssetsNoncurrent;OtherComprehensiveIncomeDefinedBenefitPlansNetUnamortizedGainLossArisingDuringPeriodTax;OtherComprehensiveIncomeForeignCurrencyTransactionAndTranslationGainLossArisingDuringPeriodNetOfTax;OtherComprehensiveIncomeLossForeignCurrencyTranslationAdjustmentTax;OtherComprehensiveIncomeLossNetOfTax;OtherComprehensiveIncomeLossPensionAndOtherPostretirementBenefitPlansAdjustmentNetOfTax;OtherComprehensiveIncomeLossReclassificationAdjustmentFromAOCIPensionAndOtherPostretirementBenefitPlansForNetGainLossTax;OtherComprehensiveIncomeLossTaxPortionAttributableToParent1;OtherIncome;OtherLiabilitiesNoncurrent;OtherNonoperatingIncomeExpense;PaymentsForProceedsFromOtherInvestingActivities;PaymentsForRepurchaseOfCommonStock;PaymentsOfDividendsCommonStock;PaymentsOfDividendsMinorityInterest;PaymentsToAcquirePropertyPlantAndEquipment;PensionAndOtherPostretirementDefinedBenefitPlansLiabilitiesNoncurrent;ProceedsFromIssuanceOfLongTermDebt;ProceedsFromPaymentsToMinorityShareholders;ProceedsFromSalesOfBusinessAffiliateAndProductiveAssets;ProfitLoss;PropertyPlantAndEquipmentNet;ReceivablesNetCurrent;RestrictedCashAndCashEquivalentsAtCarryingValue;RetainedEarningsAccumulatedDeficit;RevenueFromContractWithCustomerExcludingAssessedTax;Revenues;SellingGeneralAndAdministrativeExpense;StockholdersEquity;StockholdersEquityIncludingPortionAttributableToNoncontrollingInterest;StockholdersEquityOther;StockIssuedDuringPeriodValueTreasuryStockReissued;TaxesOther;TreasuryStockValue;StockPrice
2008-06-30;;;;;;;;;;;;;;;;;;;;;;;;;;;;;;;;;;;;;;;;;;;;;;;;;;;;;;;;;;;;;;;;;;;;;;;;;;;;;;;;
2008-09-30;0.0;0.0;0.10777492571084157;;0.23141881403290898;-0.05886881543830835;-0.6239968336129904;;-0.8471952161114821;;-0.8656443899556241;-0.039752336973910674;-1.123527777228668;-0.9848414259120947;1.2088629820239447;;0.0;;-0.46216083036755273;-0.02212203816313696;0.1923076923076923;;0.0;-0.05330204492122026;0.07609728291848761;0.0;-0.02005523441382795;1.97196261682243;0.0;;0.5723894671376919;;-0.19198852907377406;-0.14413159552946642;-1.3236045012278006;-8.042259389982942;-0.3471390871641603;-0.26191907382028823;0.0;0.0;0.0;0.2696917808219179;0.0;-0.21099691150559563;0.351273515591638;-0.35023717851404335;;;;;;-6.163507786457399;;1.1538461538461537;;8.077047788404373;0.0;0.0;0.0;0.0;0.0;-0.4350368231118753;0.0;0.0;;0.0;-0.3330107560982565;-0.3358198183035782;;0.05806571391926152;-0.08144505886563957;-0.0966260941590974;-0.12895876053770794;-0.11942509255736344;-0.12642674025341205;-0.3578656708978105;-0.21713049181731459;-0.037572254335260125;0.023435439777699685;-0.11430144292445377
2009-03-31;0.14615529335877664;1.4118908979466749;9.776740472547015;0.0;0.0;-0.319081638217811;-0.44507526256455254;0.0;0.0;0.0;0.0;-0.49409243182882456;0.0;-60.23259297000963;0.18020722315589244;0.0;-0.07147606382978722;;-0.05811059110696237;-0.3667846038383189;-0.12903225806451613;;0.0;-0.47946175637393773;-0.7220799858744593;0.0;1.018685154782852;-0.6635220125786163;0.0;0.0;-0.3931897236748785;0.0;0.0;0.0;0.0;-0.9311679036565614;0.0;0.0;0.0;0.0;0.0;-0.6931894807821982;-0.7164179104477613;-0.006870280187969313;0.0;0.0;;;;;;-0.024875078958553343;;-0.847949080622348;0.0;-10.997103759812939;0.0;0.0;0.0;0.0;0.0;0.8431898100712167;0.0;0.0;;-0.6939997396850188;0.0;0.0;;0.0;0.0797352652227965;-0.5223572714118936;-0.09809050483913162;0.0;0.0;-0.5114933757800659;-0.49215379822419836;-0.29019929019929025;0.0;-0.11361393971948774
2009-06-30;0.0;0.0;-0.10047233713509462;0.0;0.0;-0.3762614127823162;-2.1985139272611693;0.0;0.0;0.0;0.0;0.19156965360105382;0.0;-0.21685056402421754;-0.02531416594532887;0.0;0.07554600787683485;;-0.003045012561745164;0.05248899424314257;0.396011396011396;;0.0;0.07687074829931984;0.13437102922490474;0.0068989607894507365;0.014894872649619195;2.205607476635514;0.09570957095709587;0.0;0.0;0.0;0.0;0.0;0.0;2.8906618818548457;0.0;0.0;-0.1809335312551542;0.03002812939521804;0.15473251028806567;-0.13186813186813184;-1.0263157894736843;-0.11598890623179325;0.0;0.0;;;;;;-0.11303525620487631;;0.6441860465116278;0.0;-0.192287887623946;-0.06891025641025661;-0.22741552046187807;0.0008413259296651265;-0.025925925925925908;0.07725230044939013;0.0;0.07575757575757591;-0.3303303303303302;;-0.16078264568268819;0.0;0.0;;0.0;-0.021315625370942892;0.17529380323014898;0.020591647331786644;0.0;0.0;0.5158745007970926;0.24238204785994188;0.08153846153846156;0.0;0.03270547445549887
2009-09-30;0.0;0.0;-0.33302322587300925;0.0206800468261068;-0.03650665590964097;-0.1992809450436569;0.8503418672587726;0.035171102661597065;-0.0003029843963036072;0.5950413223140496;0.020751132544205797;0.09136540185240505;0.12100139082058425;0.1848076644064245;-0.012311707470971545;0.06206581352833629;-0.02563249001331558;;-0.10975034220737168;0.09475546975546978;0.010204081632652962;;0.7549723756906077;0.058117498420720226;0.21338560627275283;0.006851691240242763;0.027884915765109985;-0.8192419825072886;0.08734939759036098;0.0005073566717401778;0.0;0.032543961659090126;0.0206800468261068;0.025555081954508507;0.009554587607137899;0.4058767331421962;0.05619606034653146;0.06117079587809693;-0.22090213451469987;0.02915272752099418;0.13399857448325037;0.1974683544303797;-36.25;-0.3736098272248807;0.1601702508960574;0.014252807371148757;;0.0;;2.220446049250313e-16;;-0.10938818417687746;;-0.2998585572842999;0.0413415468856948;0.11410855497496586;-0.07401032702237498;-0.2943568327930106;0.000840618695359785;-0.026615969581749166;0.07171235597934045;0.0;0.07042253521126729;-0.49327354260089684;;0.2344145970603142;0.03920663845895156;0.002792048246593737;;0.010064406277761284;0.000837606684607195;0.11445625044145613;0.10457516339869288;0.006313794656259475;0.00856477108130238;0.0;0.0;0.07799905168326227;0.025532603889674155;-0.012601397705824469
2010-03-31;0.08186188298745467;0.17052096569250308;-0.05224100092011641;0.05861574221458565;0.07626822971181357;0.1018280949326491;0.22421986316883746;-0.026629935720844822;-0.056826791938172416;-0.031088082901554404;-0.055404438081603447;0.07017904073587378;-0.009098428453267138;0.0;-0.021878202836397076;0.018245976417936127;0.12060129825760169;;0.04568636656444558;0.0014695077149156077;0.3858585858585859;0.0;0.0;0.5146268656716417;0.267712900992384;0.00680506503574807;0.18726837595784684;-0.11290322580645162;0.08033240997229929;0.0781947261663285;0.04844036697247711;0.06723434753673141;0.05861574221458565;0.09088848166550156;-0.01823242867084207;-0.12830864679132048;0.014876497005988032;0.058884297520661155;-0.28353579736365997;0.028326920525407973;0.11816467630421124;0.33192389006342493;0.950354609929078;-0.17461987282397018;0.028963120293493017;0.09183818310858771;;0.0;;0.0;;-0.1352102036586431;;0.3676767676767676;0.25115025634284205;-0.43762275744051415;-0.07992565055762091;-0.41714686185952343;0.0008399126490845621;-0.02734374999999989;0.06691380908248368;-0.056086303134392446;0.06578947368421084;-0.9734513274336283;;0.3498254978443851;0.05979348856811706;0.07851653859004348;;0.03068026487930542;-0.0033123228008802297;0.09977045967311748;-0.09596089529199892;0.04918659394956415;0.04960528076356985;0.0;0.0;-0.05289201671431709;0.023038760254798785;-0.011669620924840252
2010-06-30;-0.014782382521241533;0.02268779852366487;0.015453753180594498;0.19905416316509306;0.008428423236514604;-0.03565710959103474;0.6443961694802787;0.6984905660377358;0.018958868894601633;-0.660427807486631;-0.019551379205819952;0.02042643541434841;0.22954924874791316;0.0;-0.1192718218377723;0.44886315611529026;0.026219512195121863;;-0.15063489273764907;0.01922230374174605;-0.40670553935860054;0.0;0.0;-0.1154907370910524;-0.09703258692881844;0.08194301848049279;0.029586130255500498;-0.2727272727272727;-0.05192307692307696;-0.01806038942714705;0.05005250262513128;0.1648438624262485;0.19905416316509306;0.0013334718758659658;1.47887723277573;-0.7015853470175057;0.003103776773915934;0.013658536585365866;0.1152056277056277;0.008999419392297314;0.07301088456231786;0.19999999999999996;-0.3236363636363636;-0.1679802807533245;0.1829611559392006;0.05837233489339577;;2.5725338491295937;;2.5439455877256694;;-1.1361168178575403;;-0.18906942392909898;-0.003519831888626257;0.4247807909360044;-0.7909090909090909;0.316432865731463;0.025427995971802675;0.03614457831325302;0.056245656706045866;-0.025245920282026546;0.6574074074074074;2.0;;0.17809885931558944;0.33553710791867575;0.005300839873330521;;0.019534152767456847;-0.0009008811263013783;0.027779386385830662;0.02646556630620367;0.24551941070365468;0.23542059728383724;0.08267195767195767;0.2592592592592593;-0.005108556832694733;-0.11665370712220946;-0.1421676898324793
2010-09-30;0.06153473841686097;0.10848105296677635;-0.025285036650093184;0.030666373493479115;0.006702455959881615;-0.07606399034108058;-0.09864745773342609;0.03765829815596544;0.5398927783033742;2.779527559055118;0.5838614932756221;0.03334168964652795;0.0339443312966734;-0.11049723756906082;-0.05253242194622754;0.02978152437067938;0.14200831847890671;;0.051541523322957694;0.03253671177656203;0.22850122850122845;0.005871517384296476;0.011962852195813056;0.08868092691622098;0.06794354838709671;0.0757369076567227;0.10341016816812965;0.3500000000000001;-0.05476673427991885;0.06849315068493156;0.04933333333333323;0.025346428644964725;0.030666373493479115;0.06777814288926165;-0.12798810476952993;0.3186509357760394;0.016267385576864246;0.07199230028873926;0.10330438158086275;0.008919152201016578;0.06804300460763657;-0.02777777777777779;0.13440860215053774;-0.20016998557034105;-0.07550761421319796;0.07456086475862911;;-2.464537087168381;;-2.4568089475541175;;0.7877605595261254;;-0.08561020036429867;0.006431885280472338;-0.04895705857172661;-3.782608695652174;0.24037144161972912;0.02479744659955796;0.03488372093023262;0.05325054484148195;0.05069124423963123;0.3966480446927374;0.6666666666666667;;-0.02388329460366645;0.03919306212081741;0.03554064233376697;0.0;0.017841636297058372;0.005359915184223185;0.028366749540134073;0.027723870252287286;0.03466455497531595;0.03599854162223881;0.07635919364691501;0.2058823529411764;0.08600770218228493;0.020239215159252755;0.09045214495143039
2010-12-31;0.0979150691177384;0.08967729579622707;-0.1401179060564296;0.032565651313026356;0.07495250107770657;0.0240525971904606;-0.16559315387770768;-0.009902580023552043;0.10500716772475926;-0.16770833333333335;0.09223111458129996;0.07670426977195532;0.08437294812869345;-0.10248447204968947;-0.04890691569202532;0.011570926807160653;-0.010796045785639974;;0.08557796162205844;0.05186837702175118;-0.16600000000000004;0.12349776811262436;0.23561207030642395;0.2832582889889481;0.2555219935812725;0.07040467526739436;0.0;-0.2314814814814815;-0.05793991416309008;0.08391608391608396;0.013977128335451061;0.04219714312489131;0.032565651313026356;0.09585357952704898;-0.09614375655823715;0.052605019407326425;0.030657462394115598;0.043275273837313666;0.09363180578766817;0.008840304182509584;0.06370811316968772;0.22448979591836737;0.12322274881516582;-0.7454411618169333;0.1331503088538093;-0.00971650663008683;0.0;-0.2534195933456562;;-0.25396507128458945;6.661338147750939e-16;-0.1730584407624931;;0.4223107569721116;0.021555788370874795;-0.10140215045195689;1.359375;0.19378988708885614;0.024197412553905062;0.03370786516853941;0.05055828843601162;0.057295136575616246;0.28400000000000003;0.3999999999999999;;0.22166380108451267;0.021198321735571124;0.08104086761010443;0.0;0.02655373619633994;0.003650904903157448;0.09201319111705764;-0.010790396547073144;0.022233177734415355;0.023011288180610823;0.07094211123723038;0.1707317073170731;0.005211691381904249;0.03144594024974978;0.19081446561776327
2011-03-31;0.08918273541542798;0.08229711322993105;-0.1629501382146752;0.031538577011171354;0.06972633767776903;0.02348765801331898;-0.1984561304203849;-0.010001621884629941;0.095028494648566;-0.20150187734668334;0.08444285586632105;0.0712398677384285;0.0778080532848926;-0.11418685121107264;-0.05142179719202877;0.01143857192859632;-0.010913872452333995;;0.07883170499720649;0.049310710498409405;-0.1990407673860911;0.10992257538712313;0.19068450039339102;0.22073365231259978;0.2035185324411699;0.06577388617048663;0.0;-0.3012048192771084;-0.06150341685649208;0.07741935483870965;0.013784461152882121;0.040488638261249266;0.031538577011171354;0.08746933104732624;-0.10637062835582645;0.049976029410289335;0.029745539631471196;0.041480206540447595;0.08561547432340055;0.008762838028832487;0.05989247649888396;0.18333333333333335;0.10970464135021096;-2.9283648807386857;0.11750454270139299;-0.00981184347223829;0.0;-0.3394404555583065;;-2.562798655230078;-1.8460683635974982;-0.25606695853604733;;0.29691876750700286;0.021100940953260094;-0.11284486214045741;0.576158940397351;0.1623316541585278;0.023625730994152105;0.032608695652173836;0.04812516258500876;0.05419029615626969;0.22118380062305287;0.2857142857142858;;0.18144419183717653;0.020758281015918145;0.07496559106897083;-0.3614649681528662;0.025866874046680532;0.0036380027916669277;0.08426011727481453;-0.010908099263703286;0.02174961468545855;0.0224936796362587;0.06624271330153686;0.14583333333333326;0.005184670479448483;0.03048724031250294;0.15663781010059363
2011-06-30;0.0026516464471404433;-8.119519324456537e-05;-0.36485284347393887;0.02087734287225418;0.003929354919330219;-0.3542429673498013;0.03764879455463799;0.021406727828746197;-0.023694677160023714;-0.08150470219435735;-0.02521423862887273;0.12388654600523741;0.226123595505618;-0.015625;-0.029798006818899325;0.0296780266327068;0.031906407870247344;;0.002899863383774015;0.08804951995957544;0.7724550898203593;-0.11720972923359341;-0.015753026378389823;-0.02795923700026126;-0.03535732133933034;0.01174366905084101;0.2515587114651887;0.5517241379310345;-0.009708737864077666;0.21004145555043752;0.015451174289246028;0.014610930729250349;0.02087734287225418;0.013006958790910073;-0.015670672296200117;0.7155725720238151;0.0009657170449057784;0.038506032060816375;0.051155726774336996;-9.34055669717937e-05;0.036055410536307564;0.0028169014084507005;-0.1711026615969582;-0.850888753776182;0.03509485094850939;0.03182560037304727;-0.6610169491525424;-0.41679160419790107;0.0;0.0;0.0;0.7968205747715142;0.0;-0.5982721382289418;0.017576457590518846;-0.2814808733625157;-0.1869747899159664;0.002255439589598396;0.003770566727605118;0.002631578947368318;0.02808112324492984;0.009015740187288346;0.07908163265306123;-6.138888888888889;;-0.00137450746815726;0.029848914718789032;0.005263756899789529;-0.3865336658354115;0.027238328870611506;-0.023559626695402458;0.09903985160442041;0.014888337468982549;0.02687483496171117;0.02732160654093474;-0.14612326043737578;-0.11619318181818183;0.09390620014888862;0.03317614836938665;-0.027200978076122984
2011-09-30;-0.056712702884897936;0.05302476654486399;0.32994220426840837;-0.00912619097252021;-0.04050895512066943;0.3300349945698082;-0.33076638723508833;0.01646706586826352;-0.32382768484007973;-0.6552901023890785;-0.3320371935756551;-0.002030561351960891;0.7024054982817869;-0.2222222222222222;-0.0007939897702667897;-0.008119807490656883;-0.003864983251739229;;-0.05436574024252916;-0.014977359804945967;0.22972972972972983;-0.19078810563526716;0.0032762232128471513;0.05241935483870974;0.03730086776324315;0.011607356102221189;0.20099633294125785;1.1777777777777776;-0.009803921568627416;-0.1499809668823754;0.013998782714546465;-0.020405307570162234;-0.00912619097252021;0.00587659157688547;-0.23030602986059556;-0.40467769714055757;0.0028659799665162744;-0.0017504774029281078;0.048666173309370286;-9.341429238673982e-05;0.03480065850690717;-0.03277153558052437;0.5642201834862386;-7.54731561529308;-0.08063882707160619;0.05242345497683876;-2.85;-5.287917737789203;0.0;0.0;0.0;-0.22871882835379276;0.0;1.5268817204301075;9.870206780826507e-05;-0.14573404310921123;-0.22997416020671835;0.0022503640294753158;0.0037564029595902326;0.002624671916010568;0.0273141122913505;-0.034555955965838936;0.07328605200945626;1.1945945945945944;;-0.020829510001835194;-0.0029217328306491153;-0.027256516939797915;-0.05284552845528456;0.025505727941013356;-0.011324823098468384;-0.0006557955244191893;0.022548220592230273;0.00249435876336368;0.0023295331664967556;-0.1711292200232829;-0.131468981035037;-0.006222049387517026;0.031726991933307414;-0.10162689252347867
2011-12-31;0.04133988125778787;0.05872146822948787;0.0;0.03391579292571478;0.04889298892988925;0.34694247867900563;-0.5889395216232092;-0.026246581106669442;0.17779771824125112;1.108910891089109;0.18969881042773973;-0.0005250820440694248;-0.06809312340196472;-0.005408163265306132;-0.0009277567973836609;-0.008199831937328872;-0.003103983445421621;;0.08419651625827007;0.0005304101838754516;-0.14148351648351654;0.18829500192727733;-0.031183083511777343;0.037675606641123904;-0.018291921588213245;0.011474171309849845;0.16735799055190692;0.04591836734693877;-0.00990099009900991;-0.07669055082848186;0.011104441776710772;0.06216812098251712;0.03391579292571478;0.033499619853009754;-0.005358482477762272;-0.7750200573144448;-0.011530190707939592;0.06631595727721984;0.04640768868875589;-9.342301943193743e-05;0.0336303018565145;-0.04259438528557602;0.011730205278592365;-1.6807082620871931;-0.042930371636052955;-0.04728931830381111;-1.2252252252252251;-0.6566247002398082;-0.7479338842975207;-0.6988082340195017;-1.2426470588235294;-0.8051459425423095;-0.1333333333333333;-0.15212765957446805;0.06868985936343441;-0.19137794700084831;-0.2986577181208053;0.00224531126177685;0.0037423452029938797;0.002617801047120505;0.026587887740029625;0.10231630618192966;0.06828193832599116;0.5443349753694582;;-0.04085840127448226;0.012925800931192999;0.02147346368715075;0.7339055793991416;0.022209113426769456;0.0028275207342900455;-0.0049091838413724;-0.02165249734325181;0.003440447867435248;0.0058719453554607615;-0.2064606741573034;-0.15136935603256851;0.0037174721189590088;0.029472460398197953;0.19113931560531783
2012-03-31;0.03969874005771801;0.05546451072508107;0.0;0.03280324486556285;0.046613896218117956;0.2575777987336656;-1.969962239759547;-0.026954032301625852;0.15095777100565955;0.5258215962441315;0.1594511222210404;-0.0005253579000694675;-0.07306859205776173;-0.005437570534523428;-0.0009286183293509831;-0.008267625073452023;-0.0031136481577581643;;0.08670842690351166;0.0005301289980561563;-0.16479999999999995;0.15845812834513695;-0.032186766127918265;0.036307692307692374;-0.018632750397456266;0.011344008216236379;0.14336475349158562;0.04390243902439028;-0.010000000000000009;-0.0830605068509761;0.010982487384980644;0.05852945475807636;0.03280324486556285;0.03241377085148267;-0.005387350501023569;-3.444840673631308;-0.011664686770957111;0.06219165794588122;0.04434952952888671;-9.343174810805266e-05;0.03253610289492359;-0.044489383215369105;0.011594202898550732;2.4690581203374733;-0.04485605891542066;-0.049636599245027835;5.44;-1.9122653862941945;-2.9672131147540983;-2.3201438848920866;5.121212121212121;-4.932892836835396;-0.15384615384615385;-0.17942283563362604;0.06427483030890713;-0.22579261425386;-0.4258373205741627;0.0022402811333186445;0.0037283922720596774;0.0026109660574411553;0.025899280575539585;0.09281937099916515;0.06391752577319587;0.3524720893141946;;-0.04259892525647291;0.012760856638571294;0.021022047513245656;0.18069306930693063;0.02172658523099802;0.002819716582409093;-0.005288335028687752;-0.022131704005431074;0.0034286517697659225;0.005837666894453086;-0.26017699115044246;-0.17836894897514177;0.0037037037037037646;0.02862870210903745;0.017983246847289802
2012-06-30;-0.1313722835285357;-0.1643088813746464;0.33270817704426103;-0.04492803170776938;-0.04415703781512603;-0.046491697911087315;0.6013331670957467;0.02375929832352619;0.2528605200945626;-0.39692307692307693;0.23348623853211015;-0.050367005200022574;0.044399439164978904;-0.0298122550030947;0.2625527205627991;0.015570743537452358;0.014836022904737067;;-0.1368339037677192;-0.05486871541269278;-0.28735632183908044;-0.08484226246033233;0.49534684556094777;-0.13277909738717342;0.10640228097459814;0.11102904972919747;-0.19975828729281764;-0.5327102803738317;0.02020202020202011;0.03402979811337392;0.006752789195537234;-0.10702350374237024;-0.04492803170776938;-0.1232342425681926;-0.0383490412739681;4.801744040742772;-0.01755148144930052;-0.27178043631245596;-0.05887658876588775;0.2929670466579457;-0.0984255370629612;0.6835978835978835;3.997134670487106;-1.215098470244313;-0.08395638629283486;-0.052999762864595734;-1.4409937888198758;-2.3081339712918663;-1.3833333333333333;-4.822888283378747;-1.5544554455445545;0.0;7.988636363636363;15.769113149847094;0.027333073018352305;0.40909027555962996;0.08148148148148127;-0.004850397381954252;0.05102806543598959;0.03125;-0.014832759573292442;-0.0612080309011418;-0.32041343669250655;-0.33490566037735847;;0.8016124094295336;0.0015750086206092195;-0.058670907264814165;-0.549266247379455;0.03919057983014351;0.04744557605797173;0.007514436828364168;-0.031935573451818966;0.036933482791124295;0.02356855170396721;-0.09888357256778324;-0.05661712668082097;-0.10594290153427854;0.027486070320863032;-0.013116917868100209
2012-09-30;0.04274969798526951;0.07753922378199829;-0.145041748756919;0.016824159322907928;-0.009052570847699726;-0.2666554319739355;-0.21481221068011658;0.04598199761414157;-0.16099328251188771;1.760204081632653;-0.13298624023800665;-0.03312181235915079;-0.4785202863961814;0.012759170653907415;-0.02182132119315927;0.021464817779707435;0.0353936906899206;0.0;0.12094625217053179;0.013703749844275581;0.32795698924731176;-0.007241203467618584;-0.33870413500820895;-0.07258285401259934;-0.13388778259341694;0.09993352537115019;-0.2496224379719525;0.17999999999999994;0.01980198019801982;0.10921647199249729;0.03966170895304755;0.007274526784609714;0.016824159322907928;-0.0010693509752480734;0.005745184183845842;0.0;0.03490463134931154;0.09045226130653261;-0.0625599024135226;0.22658508383118137;-0.10917072422650775;-0.39849151477058453;-0.7958715596330275;1.9985057647862194;-0.036388369324944714;-0.04620007512207336;-2.408450704225352;-2.1850768105340164;-3.391304347826087;-1.4112615823235923;-2.0;0.0;-0.8040455120101138;-0.9301540986596152;0.036910342497571635;-1.5119594201069626;0.07534246575342518;-0.004874038405073611;0.048550621162358976;0.030303030303030276;-0.015056082830026019;-0.021024551250169554;-0.47148288973384034;-0.5035460992907801;0.0;-0.43774781919111816;0.02507676560900718;0.08577102042026019;-0.041860465116279055;0.019771157671283124;-0.03145490300624787;-0.0819654761830153;-0.005163511187607606;0.023966439614030888;0.0260142274607853;-0.10973451327433625;-0.0600150037509376;-0.14380362767459542;0.02679888017438503;0.08268792825979832
2013-03-31;0.008632932207190303;-0.22070656755306917;0.4009656534620871;0.013270046033455607;-0.1323019767667526;-0.5240137878207582;0.06305052646393627;0.0020736132711249855;-0.19782295789852467;-0.7338262476894639;-0.2226988075834263;-0.05624559143742136;0.6982265446224256;-0.2101837270341207;-0.055189709824166155;0.028425694702725712;0.018082734703988024;0.0;-0.060965620419113575;-0.07926754332063413;-0.09919028340080971;0.2292993630573248;-0.0740184757505774;0.30478440637920845;-0.15106843386529623;0.09085414987912976;-0.33266244968372627;-0.5932203389830508;0.01941747572815533;-0.04335126825518831;0.06171107994389913;0.0228819180033899;0.013270046033455607;0.0003282853513366657;-0.16274641577060933;0.0;0.01526848027346528;0.07692307692307687;-0.06673482665675257;0.18472838681802095;-0.12254954702933019;-0.007314524555903867;-0.2668539325842697;-0.9850431029177645;-0.032645138521263495;0.007613546862693665;-1.19;-1.7462962962962965;-1.6727272727272728;-1.4043905257076834;-1.2901785714285714;0.0;0.17419354838709666;-0.2676240208877284;-0.13424021504500472;0.42943743282138613;0.07006369426751569;-0.004897911011448208;0.04630260111670981;0.02941176470588225;-0.01528623362971393;0.1678366894513208;-0.8920863309352518;-1.0142857142857142;0.0;-0.016623010276042738;0.06080878681977042;-0.0639825303671353;-0.024406688241639718;0.03989463374343205;0.002736687951789163;-0.06442614968617144;-0.10092272202998842;0.0017275197495096872;0.004189028458704502;-0.12326043737574544;-0.0638467677573823;0.007865026005327902;0.053983599392261716;0.0013271532285514809
2013-06-30;-0.02517692393197224;-0.1928409873143868;0.12641967572648238;0.005817941991349551;0.003993993034476118;-0.2582877373672353;0.40880176434280413;0.02245214692188302;-0.41168554446562744;-1.3819444444444444;-0.4271051760291359;0.017103738125412882;0.9978103419235305;-0.009171872923036006;0.014340313781048275;0.0060704691051869375;0.07177615571776164;0.07924226254002131;-0.030425825477938595;0.008008542445274935;0.020224719101123556;-0.0326759150927628;-0.20389075944631496;-0.29877772747849707;-0.07710689819977701;-0.14196675900277012;0.018813729714203475;2.5416666666666665;-0.05714285714285716;0.07448176120842032;0.010303830911492673;0.020803064324395715;0.005817941991349551;0.037155413503795476;0.002809364548495008;0.00524005098427982;5.611514828429698e-05;-0.022218564845292943;-0.0396221645101239;-0.048147694756009884;-0.03066849277855732;-0.2778947368421053;-0.5593869731800767;1.3944160685613372;-0.03411163808828899;0.027618551328817187;1.0;0.9330024813895781;1.135135135135135;1.5485714285714285;0.523076923076923;0.02499999999999991;-0.09890109890109888;-0.07664884135472372;0.014724561320976548;0.02182932186770148;0.7619047619047616;-0.10442981675858387;0.022256930886372484;-0.14920634920634923;-0.007383684725558171;-0.00019773787866805836;366.33333333333337;3.4117647058823524;0.6953703703703704;-0.2854215756582318;0.006469058050383447;0.03059111720276464;-0.02501727712508628;0.010910574079739055;-0.028534698077196885;-0.020740706177978185;0.048107761385503434;-0.008107735881821121;-0.008603107287507905;-0.32199546485260777;-0.3307757885763001;0.02932662051604784;0.019860487848224917;0.001704165270544733
2013-09-30;-0.025827172694273925;-0.07407407407407407;-0.0924831374730547;0.017414340705179887;-0.02452103621666346;0.15209372965936208;0.08793885172392857;0.01821493624772308;0.7537171178040412;-7.0181818181818185;0.8360624157195145;0.04563462480564007;0.1709805244077227;-0.018245237456399277;0.014041159057007091;0.014352838472796448;-0.026787741203178173;0.14610630407910996;-0.07036639487338714;0.04369703389830515;0.07048458149779746;-0.015118790496760237;0.11129385964912286;0.1116849580374435;0.05644743656136719;-0.16545601291363998;0.018466309557372274;-0.388235294117647;-0.06060606060606055;-0.04067898003439763;0.05596234309623438;0.012109841378133979;0.017414340705179887;0.0008392031697117552;-0.01227321237993595;-0.011834319526627168;0.039418679684650515;0.04914997475172522;-0.04125685021657455;-0.05058315716708617;-0.03163880731213209;0.14723032069970854;0.7304347826086957;5.987372495722659;0.030594900849858275;0.043610547667342736;-3.236842105263158;-1.525887890457852;-1.2025316455696202;-1.8195067264573992;-3.242424242424242;-0.05853658536585371;-0.24390243902439024;0.03861003861003853;0.04181733889661565;-0.7063388694342627;0.43243243243243246;-0.11660707191100517;0.02177234530175709;-0.1753731343283581;-0.007438609069725821;0.0015031050986906713;0.9972776769509981;0.7733333333333334;0.4101583833970508;0.15684587813620077;0.024404863118517195;-0.05970571590265983;-0.02565920045364356;0.013537474915855219;0.007539734384454988;0.05843575538348489;-0.036107711138310905;0.02172088839520181;0.022670583024454016;-0.47491638795986624;-0.4942675159235669;0.04218635363169487;0.014579884406494159;-0.040590906807009164
2014-03-31;0.016562621927428856;0.15473684210526306;-0.15408780936326716;0.01573523149693301;0.009151265027812716;0.05480225988700571;0.13134725325772;0.021268137547207244;-0.0451086956521739;-0.8217522658610272;-0.07208057916273214;-0.07216116843038001;-0.33594931240550074;0.6515441377425526;-0.00305431330122663;0.03232420391839219;-0.022160018661068315;0.05198446937014678;1.1941402228821119e-05;-0.059122050241055546;-0.3477366255144033;0.050789473684210495;0.07315526111776727;0.1927990708478513;-0.042973856209150285;-0.1982591876208898;0.018131487889273545;0.26923076923076916;-0.06451612903225812;0.1254969210382726;0.022535908865775056;-0.011296677242773945;0.01573523149693301;-0.036302904507278466;0.6401944894651539;0.6803535785571713;0.0032660332541567527;0.04171346061286707;-0.0430322242468113;-0.053278133360425195;-0.032672527101496374;0.15628970775095308;0.35678391959799005;0.4588020904891137;-0.08172988821696903;-0.015670553935860032;-0.4117647058823529;-1.6395443449959317;1.0;-1.359781121751026;-0.6216216216216216;-0.30051813471502586;-0.29032258064516125;0.6821561338289963;-0.02033641865432534;-0.04999359189267538;0.30188679245283034;-0.13199910051720265;0.021308411214953304;-0.21266968325791857;-0.007494356659142221;-0.2015877404320866;0.4993184915947295;0.43609022556390986;0.29085979860573197;0.16123435369934325;0.020399948543661228;-0.022569966897381888;-0.026334933798923044;0.03134362756395492;0.01936294422998075;-0.05711634529098286;-0.005714285714285672;0.042264173239977554;0.04224461186017625;-0.9044585987261147;-0.9773299748110831;-0.05889944855097973;0.03358810675674384;0.15110638546490707
2014-06-30;0.004874397896716509;-0.1775296262534184;-0.1566123188405797;0.015729407732421707;0.03473748868485704;0.08605606141760402;0.215243282698369;0.020533281432463912;0.19624359704040972;8.423728813559322;0.2511307100859339;0.06541307163713794;0.07860782825544832;-0.022588118484196618;-0.014367833732434332;0.005320844469509423;0.022185114503816772;0.03362722985441868;0.04341701839223511;0.06135382955771296;0.5646687697160884;0.0020035061357375206;-0.0706639521901885;-0.19376825705939626;-0.140515622332252;-0.23474065138721356;-0.4025285481239804;-0.030303030303030276;0.3180076628352493;-0.034282152503635976;0.025187696778881108;0.0018396398302593653;0.015729407732421707;-0.008258686597820475;-0.026926877470355715;-0.02867809265229937;-0.05539562538674703;0.07438780224857533;-0.044967265708547366;-0.05627643686898032;-0.03377607688903583;-0.03516483516483515;0.24814814814814823;0.20131784938640696;0.07224106964677701;0.0008638775762064288;-0.45999999999999996;-3.0712468193384224;-2.90625;-4.7034220532319395;0.09523809523809534;-0.10370370370370374;-0.5113636363636364;1.4055248618784528;0.04051782875312293;-0.3690338445820718;-0.07065217391304346;-0.17953367875647663;0.02171791117618338;-0.10344827586206895;-0.022016011644832578;-0.0026712837002226264;0.15151515151515138;0.3036649214659686;-0.18811881188118806;-0.027001067235859155;0.022188151949800172;0.052401477832512366;;0.014763839512442756;-0.010652673291470793;0.058967600274250964;0.011813537675606556;0.026967425934534495;0.02865094509844668;-0.19999999999999996;0.0;0.05772347587582605;0.013834138055188738;0.03771014809500972
2014-09-30;-0.05903023127017171;-0.10376835688556385;0.3098485662120074;-0.01623599359707295;-0.08463905769140645;-0.1842840703600197;0.045302623235141004;0.018499094116525283;-0.5066133790084689;-1.0485611510791366;-0.5338454586534116;-0.034381858083394334;0.029654201849617978;-0.0207398628629476;0.0010258047143711924;0.003219512195121954;0.017969661610268473;0.018051973814719346;-0.07993503944707281;-0.044721128192097614;-0.3568548387096774;-0.08506206781637926;-0.05236379054483786;-0.030495169082125573;0.005959475566150285;-0.30674653215636827;-0.6737201365187713;0.375;0.24127906976744162;-0.036072862880091816;0.020552799433026125;-0.03042445220146084;-0.01623599359707295;-0.05098591954436282;-0.019124989422019123;-0.01834381551362685;-0.0027912275704927714;-0.009747706422018387;0.040002873126778526;-0.15110899866628846;0.37204209043329195;-0.0808656036446469;-0.18100890207715137;-0.9588546441269651;-0.09603573422668898;-0.044266337854500626;-6.111111111111111;-3.3513513513513513;0.14754098360655732;-2.6365503080082133;-5.043478260869565;0.165289256198347;3.604651162790698;-0.6724850711988976;-0.032522809621513105;-0.13728023685516344;-0.07602339181286555;-0.2188190716766656;0.02125626940530223;-0.11538461538461542;-0.022511627906976805;-0.044293437825504656;0.13157894736842124;;-0.23170731707317072;-0.08456729187232648;0.0002108588320011151;-0.09417237142355628;;0.012822373590514857;-0.01228633301210369;-0.033372705905436395;0.0;-0.003135436504650757;-0.0033806230764733547;-0.25;0.0;-0.028288543140028266;0.013663578209301752;-0.05934442304655185
2015-03-31;-0.2258483520051956;-0.30251970938321227;0.8526566087241718;-0.027789116803301872;-0.13545524362146943;0.04474002418379697;0.38033514257032075;0.030427862559685437;-0.7488910318225651;14.037037037037036;-0.8262892594028693;-0.34930644472898;0.2962022844869667;0.7059993084370677;-0.030149971786200935;-0.053413400758533514;-0.01421366345712971;0.07540919719407646;-0.1552462662701133;-0.2645298576938423;-0.025078369905956133;-0.36259333454744125;-0.5052199850857568;-0.29585798816568043;-0.6919431279620853;-0.4424738517507958;-2.064853556485356;0.0;0.19437939110070257;-0.12268432408302954;-0.0023148148148147696;0.0014884824135197317;-0.027789116803301872;-0.152324806013579;0.6818221033560521;0.704484783769354;-0.015451845081686288;-0.09973943254198037;-0.1088311405654907;-0.027404631047357353;-0.366369090630588;-0.38785625774473353;-0.5108695652173914;199.7365945765463;-0.11509162034177478;0.07534511675912792;1.7318840579710146;0.39838035527690696;0.2857142857142858;0.31085319949811785;1.185483870967742;0.13475177304964547;1.2828282828282829;-0.1598877980364657;-0.052341846403754166;-0.7368433466644326;-0.08227848101265822;-0.28011317704122873;0.020813844714686613;-0.13043478260869568;-0.023030072325846973;0.27838903882084276;0.11627906976744184;;-0.3015873015873016;-0.39192427510184524;-0.007593295307192327;-0.19158350289054682;;0.014023887057800444;0.02421405150153455;-0.3733644923974859;-0.1438939728621016;-0.05183097343662613;-0.05359609589589054;-0.33333333333333337;0.0;-0.1978408539543911;0.02228750067374552;-0.08284819434828117
2015-06-30;0.046403104026845554;-0.10261524822695034;-0.048771852179685826;0.015450736381104502;0.019523076315685506;-0.16222993827160492;-0.046167449337256694;0.019807377793930492;3.064516129032258;-1.3916256157635467;5.083705357142857;0.10127412557598015;0.08526022444829406;-0.03719280466176844;-0.008323710582997523;0.012430974701425512;0.03511627906976744;-0.005798151839101262;0.009911459402474065;0.0786618444846292;0.189710610932476;0.04142857142857137;0.04807837226827427;-0.0796107916850951;0.7256410256410257;-0.09726753670473087;-0.05402750491159136;-0.03409090909090906;0.07794117647058818;0.04299525101763901;0.012529002320185612;0.022638431562093997;0.015450736381104502;0.04360574258487837;-0.003231763619575223;-0.015557295745236233;-0.008964056743349436;0.017848528702363753;0.004596727907566711;-0.07944163783882519;0.03091565201060842;-0.15182186234817818;-0.4666666666666667;-0.09064413849853892;0.08166589111214528;0.05554889022195564;-1.1989389920424403;-1.1862507005417524;-1.2777777777777777;-1.284517827231395;-1.2287822878228782;-0.0625;-0.752212389380531;0.12186978297161932;0.024378630606608942;2.839991914496121;0.016379310344827536;-0.14809096013475576;0.012371134020618513;0.012499999999999956;-0.08193308007013445;0.016523221825267997;0.12384375000000003;;-0.15857438016528924;-0.1601970443349754;0.01665751492001899;0.03699412728217011;;0.0027386979976316006;-0.0016470798031014144;0.10132201979897149;0.04349428676741618;0.008415728827813274;0.008746322824972008;0.0;0.25;0.044911537879933405;0.0044068928549461095;-0.01308089486752606
2015-09-30;-0.08099914816856246;-0.09261546060755743;0.13227562462196985;-0.021817033251019358;-0.08544542761438223;-0.010822012433801542;0.01197132091755404;0.01951176051318604;-0.7360166288737717;-2.10062893081761;-0.7758209502843515;-0.08284816629193403;0.004441668401693466;0.003315614967633218;-0.00046635909744874304;-0.030670488850554345;0.02044484385531331;0.006743211226535539;-0.06626286682956828;-0.025481978206202904;-0.12432432432432428;0.005898491083676349;-0.1732815645671556;-0.14320038443056227;-0.49294205052005946;-0.10774791054890442;-0.05711318795430942;-0.08235294117647063;0.07230559345156884;-0.004065371168387677;-0.006645279560036688;-0.03213361534189596;-0.021817033251019358;-0.060714040978551376;0.0209973753280841;-0.00355305722013044;0.004478660499970699;-0.033807266982622486;0.001028763569918878;-0.08925767974012833;-0.11118884750577984;0.01193317422434359;1.0;0.08318182274861008;-0.09722520972252102;-0.030461468515571744;-4.0;-5.035105315947844;-4.279999999999999;-3.6593776282590413;-3.6021505376344085;0.11333333333333329;1.8125;-0.04588293650793662;-0.023891419540764125;0.6662033152853881;0.016115351993214677;-0.17383423957818422;0.012219959266802416;0.012345679012345734;-0.08924521545378583;-0.02464155916769839;0.11019659094068901;;-0.18845917740945362;0.0286250586579071;-0.012103148789882279;-0.14639596255345377;;0.002867292935281762;-0.0035204725817697957;-0.08612592917796191;0.04803956199222892;-0.011264391780758443;-0.01206158728030482;0.0;0.19999999999999996;0.010274963820549932;0.0021915914628545252;-0.09800876535534242
2015-12-31;-0.05979935116272728;-0.1064235166031573;-0.08119658119658124;0.003121862726103819;-0.031576830249396615;0.06401303538175052;-0.04368207447752781;0.01669142707331983;1.2670007158196133;-1.5114285714285716;1.6648936170212765;-0.1186622290770355;-0.03223243280591448;0.26219576164498526;-0.042001411939787126;-0.025085056267992623;0.024548656979304306;-0.00606444605358436;-0.053596284070911215;-0.08584207810080857;0.04783950617283961;0.010432292376926222;-0.3495390502696121;-0.1491867638810993;-0.5186813186813186;-0.12075949367088612;-0.060572687224669575;-0.0064102564102563875;0.06743002544529264;-0.017307535309004862;0.00588235294117645;0.0014283708636759762;0.003121862726103819;-0.05564674983585027;0.24519885074852565;0.25321979776476855;0.00874253242022438;0.015941792020928602;-0.07298248642110183;-0.10119154397207641;-0.10095078454034179;-0.28655660377358494;-0.6006944444444444;0.05961590436748554;-0.09876101977603047;-0.009613130128956593;-0.6777777777777778;-0.915113099676858;-0.5670731707317074;-1.0550284629981024;-0.6229338842975207;-0.12574850299401197;-0.4111111111111111;-0.04808942032752783;0.02014285714285724;0.2635454587922559;0.015859766277128484;-0.21041084962106105;0.012072434607645954;0.012195121951219523;-0.09799038881607691;-0.041376627630824614;0.09925862846265598;;-0.2322239031770046;-0.296875;0.00932625118224295;-0.052872681319673265;;-0.0018390281015123744;0.010229684444835296;-0.13139882552217608;-0.0630266262217728;0.004287647241437931;0.00469070736658761;0.0;0.16666666666666674;-0.06281335052284776;0.0029506508018262156;0.0575590244495332
2016-03-31;-0.06360275462123954;-0.11909838562290587;-0.08837209302325577;0.003112147030291945;-0.032606438213914846;0.06016189017720408;-0.045677356150844006;0.0164173972838233;0.5588885380486264;2.9553072625698324;0.6247504990019961;-0.1346387650591313;-0.033305965087637834;0.2077298701298702;-0.043842874575455104;-0.025730507496342425;0.023960459868915818;-0.006101447955559558;-0.05663152327999377;-0.09390289800526908;0.04565537555228283;0.01032458330521635;-0.5373713063243749;-0.17534607778510214;-1.0776255707762556;-0.13734523466743453;-0.06447831184056274;-0.006451612903225823;0.06317044100119196;-0.016615435739802287;0.005847953216374213;0.0014263335304192104;0.003112147030291945;-0.05892577785503217;0.196915416843767;0.20205537625276038;0.008666762964032904;0.015691639172769056;-0.0787282714210451;-0.11258410320177603;-0.11228616053986284;-0.40165289256198344;-1.5043478260869565;0.05626180592586749;-0.10958360872438866;-0.009706439393939448;-2.103448275862069;-10.780380673499268;-1.3098591549295775;19.17241379310345;-1.652054794520548;-0.14383561643835618;-0.6981132075471699;-0.05051884216275271;0.019745133734770937;0.20857615921803818;0.015612161051766549;-0.2664814347057338;0.011928429423459175;0.012048192771084265;-0.10863563713856739;-0.04316254832027;0.09029597393424327;;-0.3024630541871921;-0.4222222222222223;0.009240075913332202;-0.055824259607824445;;-0.00184241635696758;0.010126097661104394;-0.15127636179075;-0.0672661870503597;0.004269341809804317;0.004668807357522509;0.0;0.1428571428571428;-0.06702330913259458;0.00294197007546404;0.08208704527935651
2016-06-30;0.04666501517309718;-0.05567081604426005;0.017660910518053408;-0.000921849884331194;0.0356376127093172;-0.10070160957490715;-0.04676380635795041;0.01640591966173366;-0.7285801093781649;-0.9548022598870056;-0.7437157437157438;0.17712923345466924;0.10576070901033963;0.016723443790647163;0.0;-0.007742539883724087;0.011752360965372466;-0.025105369250503995;-0.14218848451717025;0.12876427829698867;0.2535211267605635;-0.07013091103392999;0.38497109826589604;-0.10151878497202238;-15.019607843137255;0.5433911882510014;-0.9958228905597326;-0.025974025974025983;0.21674140508221207;-0.024837374334713225;-0.012311901504788003;0.007955396217686816;-0.000921849884331194;0.05701268316709762;-0.0023336038961039307;-0.0020843637391365633;-0.02099384218817124;-0.004278244335287562;0.0010596697722735637;-0.12783821874683998;-0.19972404197934146;-0.06077348066298338;-0.3448275862068966;0.12860382807607817;0.11876484560570066;0.004183600286875366;-1.6125;-1.2176646706586827;-2.2727272727272725;-1.0925925925925926;-1.9243697478991597;0.016000000000000014;1.8928571428571428;-0.053206787460454485;-0.007598645060880704;0.8660048655580428;-0.13915857605177995;-0.10330578512396693;0.008731717965509755;0.015873015873015595;-0.12395855973339132;-0.036516226954153796;-0.33166151188386406;;0.96045197740113;-0.056148231330713116;-0.0046815562354802776;0.10159483193701413;;-0.0034849221789883256;-0.022664396777279494;0.15946157877787348;0.020439645198611744;-0.009268992432645895;-0.009092538851975918;13.666666666666664;-0.16666666666666663;0.09272608125819137;-1.3017782290569713e-05;0.130850793840241
2016-09-30;-0.11165350137569896;0.008787989747345293;-0.013401465483995345;-0.00901384926694948;-0.06290913851793667;0.16865534648921532;-0.023305196084177582;0.01738913387137031;1.1850746268656716;9.375;1.281710914454277;0.0027668270100185133;0.15141597648944694;-0.02413104545300704;0.0;-0.03207264245251584;-0.04480398257622897;0.003759398496240518;0.0;0.0003679852805886785;-0.2651685393258427;-0.02499640856198826;0.3464106844741235;-0.01868327402135228;-0.5286713286713287;0.35207612456747395;-238.3999999999972;0.41333333333333333;0.1781326781326782;-0.048687516243610895;0.006694367497691589;-0.019456756724115065;-0.00901384926694948;-0.02879388008698358;-0.019763381809552838;-0.019825114171416414;0.040108829208355345;0.02052832590706566;0.010047235832182366;-0.1406479426098176;-0.012242969788250457;0.5588235294117647;-13.578947368421053;9.575389898919262e-05;-0.4368365180467091;0.06713486489703602;-0.7755102040816326;-0.8528198074277854;-1.6428571428571428;-1.6307692307692307;-0.6909090909090909;0.07874015748031504;-0.030864197530864224;0.8719710081186813;0.02504612546125462;-0.1034664774910431;-0.16165413533834583;-0.11520737327188935;0.008656135035706614;0.015625000000000222;-0.14149851141250414;-0.026131677709308243;-0.4962478112232135;;0.48991354466858783;0.7186198691255206;-0.008419204761042631;-0.06592752096027854;;-0.0011787186376648329;0.005849715113589005;0.0;0.03401360544217691;3.5171843766779176e-05;0.0007632508833921303;0.9318181818181819;-0.19999999999999996;-0.02608695652173909;-8.678634503600513e-06;-0.06097386422727258
2017-03-31;0.06800546175109079;0.024319419237749607;0.010407505130460182;0.014210957434897198;0.004331121201536892;-0.0384841939917534;-0.47622299171988747;0.17885181550539753;0.9023224043715847;-0.04216867469879515;0.8516483516483517;-0.04865556978233032;0.07216195835025241;-0.16005410279531107;-0.015452827922113554;-0.002438534584158103;-0.01867535287730726;-0.030898876404494402;0.0;-0.017472871068603957;-0.11620795107033643;0.003978193605422176;0.8344699318040918;0.5503173164097914;4.42433234421365;0.2603966730646192;1.0042122999157543;0.37735849056603765;0.15119916579770587;0.0;-0.03989910570969957;-0.011935261368675176;0.014210957434897198;0.06703184662441775;-0.13113847005118273;-0.13652616751544044;0.07636486372458018;0.032278184936846976;-0.28403359646538706;0.11963701734304522;0.36381148836954513;0.5132075471698114;-0.6652719665271967;-0.14365131216337912;-0.28416588124410935;0.07785833798103736;-1.4545454545454546;-14.158878504672897;1.0;6.995121951219512;-1.7352941176470589;-0.24817518248175185;-0.2611464968152867;-0.525843982359776;-0.03662871799487022;-0.25058987292627566;-0.19282511210762332;-0.13020833333333337;0.008581849388543228;0.01538461538461533;-0.16482034486080333;-0.020695561158951437;-0.9851030373251676;;0.3288201160541586;0.41571478020076147;0.004858627437748897;0.07131646066313513;;-0.0014097790287428413;0.021957291562611392;0.0;-0.08442982456140347;0.038418026108313796;0.0381955821704989;0.4823529411764709;-0.25;0.07697044334975378;-0.022378053278599652;-0.04339244664502373
2017-06-30;-0.03021609654183166;-0.05598866052445073;-0.0859325886164708;-0.0034775383560569084;-0.022049106211309732;-0.17459669185215443;0.04501263177953452;0.014013180714533391;-0.07953321364452426;0.06289308176100628;-0.07558038052016058;0.02214092089549413;-0.0702266948006276;-0.008629588339733263;-0.0156953657075668;-0.005377890256528239;0.02943129010843104;-0.04270531400966182;0.04201759311248354;0.04623736428304004;0.7785467128027681;0.06325212797182278;-0.29773572152754313;-0.10818713450292394;-0.5120350109409191;0.018654822335025356;-0.139344262295082;0.08219178082191791;-0.005434782608695676;0.0;-0.004060186290900436;-0.020344307458332822;-0.0034775383560569084;-0.04543410649379853;-0.01488616462346759;-0.01572761115991128;-0.014346190028222017;0.0060422960725075026;0.1922365988909427;-0.1264291411858548;0.01058362902239085;-0.1645885286783042;-2.075;-0.05905288188562552;0.016458196181698526;0.047914726275483766;14.0;0.18892045454545459;-0.5555555555555556;0.2397803538743135;5.36;0.1941747572815533;-0.5172413793103448;0.08008213552361387;-0.011724041291045872;0.36801795307137275;0.009722222222222188;-0.036926147704590795;0.012523931078493922;-0.005681818181818232;0.03970588235294126;0.009424795958025589;12.736363636363636;;0.2743813682678311;-0.20195599022004895;-0.0006320438322398036;-0.025318194304550845;;0.00014925117504716034;-0.009179886411899374;-0.007932854056734051;0.020359281437125842;0.011442215962653268;0.011247694141077735;-0.23511904761904767;-0.08333333333333337;0.05317324185248706;5.7702892246602744e-05;-0.006312214378058512
2017-09-30;0.11569131832797419;0.25300300300300305;-0.1190879272034705;0.01870196961039272;0.08468468468468471;0.055418109846610664;0.057983906943311236;0.011356639529315204;0.2133801443339185;1.2011834319526629;0.24490181268882183;0.029598857587952665;-0.08402676752982252;0.007871720116618075;-0.0159456383326384;-0.004481711724736104;0.04901117798796206;0.009890997174000882;0.12150875617422541;0.04920379316514589;-0.44747081712062253;-0.01200828157349898;0.3433589990375361;-0.03475409836065568;0.6793721973094171;0.0183131929737137;-0.16190476190476188;-0.2974683544303798;-0.005464480874316946;;0.020383693045563644;0.01943705701960874;0.01870196961039272;0.05550648687903581;0.004808080808080817;-0.0003399770515489786;-0.0018558286274821256;0.03933933933933931;0.1612403100775195;-0.1447268300106529;0.010472788909740238;0.18507462686567155;-2.337209302325581;0.03025350102627855;-0.041450777202072575;0.03397195338731973;-0.013333333333333308;0.3990442054958183;-3.125;0.23425196850393704;-0.08805031446540879;0.13008130081300817;-0.1428571428571429;-0.47148288973384034;0.005577086681160859;0.04911796835634075;0.009628610729023324;-0.0383419689119171;0.01236902229575354;-0.005714285714285672;0.03818953323903829;0.004620271440947121;0.9272005294506951;;0.21530553969160482;0.251531862745098;0.010154671979192509;0.09272394194184796;;0.0016659816815405293;0.006225646175880728;0.05932959697283402;0.029733959311424085;0.017290069093303773;0.018080263455267476;-0.30739299610894943;-0.09090909090909094;0.051981541802388787;0.0;0.020949495506404903
2017-12-31;0.036154821603550547;-0.011234272019173153;0.010239625247732809;-0.000859979337601291;0.028009704493792587;-0.2552742616033755;-0.2811169389153122;0.0035513765812080766;-0.18180356855810964;-0.5120967741935484;-0.20043986045806161;0.049120089342003403;0.13007432818753584;-0.09870242572007104;-0.01620402180385705;-0.111385419692129;-0.04200819672131151;-0.018488906656006443;0.05569346572709799;0.0;0.005281690140845008;-0.020187203129365727;0.14839691921905795;0.14877717391304346;0.3200934579439252;0.01798385123562518;-0.19318181818181823;0.41891891891891886;-0.005494505494505475;;-0.010105757931844872;-0.01970305000967365;-0.000859979337601291;0.0607043903527531;-0.08219067915879208;0.0;0.03587080666153142;-0.014880092458826932;0.13885180240320438;-0.16921708185053386;0.010364246345554662;0.08564231738035266;0.07826086956521738;-0.026007312683479333;-0.008108108108108136;-0.03156638013371538;0.33783783783783794;-0.6716481639624252;-0.23529411764705888;-0.6660685805422648;0.9965517241379311;-0.20143884892086328;-0.9270833333333334;1.0557553956834531;-0.04046813310772701;0.05384417052685442;0.0095367847411445;-0.039870689655172376;0.01221789883268487;-0.005747126436781658;0.03678474114441421;0.019689565967232037;0.4811126373626373;;0.17716165413533824;0.08543451652386791;-0.010181721423093149;0.030585049219790994;;0.007963140708610927;-0.0049807718427659076;0.0512721145745576;0.02184650455927062;0.0162363668283263;0.015097939724521448;-0.4438202247191011;-0.09999999999999998;0.025545090956005767;0.0008122323073167514;0.05129143711966688
2018-03-31;0.03489326194284126;-0.011361914861384603;0.010135838064381897;-0.0008607195386199917;0.027246537042746155;0.2983947119924457;-0.15363202314480973;0.003538808938020388;-0.22220039292730842;-1.0495867768595042;-0.2506876600588068;0.04682027333287553;0.11510245383253226;-0.10951147383141147;-0.01647091690044178;-0.12534727896715148;-0.04385026737967912;-0.018837185622645358;0.052755338112034034;0.0;0.005253940455341555;-0.020603122549369024;0.12922093113935906;0.12950916617386166;0.24247787610619476;0.017666145895925967;-0.23943661971830987;0.2952380952380953;-0.0055248618784530246;;-0.010208926875593494;-0.020099062850157834;-0.0008607195386199917;0.05723026217753735;-0.08955093099671418;0.0;0.03462864908524477;-0.015104854084176611;0.12192262602579129;-0.20368387234953955;0.010257930625555911;0.0788863109048723;0.07258064516129026;0.02309667854919728;-0.008174386920980936;-0.03259529562601704;0.2525252525252526;-2.045513654096229;-0.3076923076923077;-1.9946268656716417;0.49913644214162356;-0.25225225225225223;-12.714285714285714;0.5135608048993876;-0.042174871418074966;0.12008169249168033;0.009446693657219951;-0.041526374859708226;0.012070423618051773;-0.005780346820809301;0.035479632063074806;0.019309372797744917;0.32483190354741476;;0.15049900199600796;0.07870996842580058;-0.010286455244827075;0.029677365534213518;;0.00790023006497309;-0.07080921223913994;0.048771496802525904;0.021379438557352692;0.015976959060223228;0.014873382295129689;-0.797979797979798;-0.11111111111111116;0.02490879355893827;0.0008115731214077826;-0.13008649447320264
2018-06-30;0.034482758620689724;0.059454489733374194;0.09516242937853114;-0.00010320331626656465;0.046362413329193775;-0.16848484848484846;0.0;0.013299301450832912;-0.41070977519575647;9.777777777777779;-0.4339240506329114;0.09870266192124122;0.03347449082476306;-0.012151168777674748;-0.002111583090729785;0.0008594917787743128;0.02662192393736018;-0.050435865504358635;0.03559334245983137;-0.04448139455096478;0.15679442508710806;-0.07817731838695585;-0.10055248618784529;-0.09476439790575919;0.028083028083027983;-0.038261691072272064;1.3575498575498575;-0.27941176470588236;0.043055555555555625;;-0.014152074838090667;0.008719098203553877;-0.00010320331626656465;0.03550227174742138;-0.0029353736586305024;-0.0636584427238438;-0.016332094175960377;-0.060303752233472285;-0.20454545454545459;0.5290478752017214;-0.005311656297687484;-0.15053763440860213;-0.7293233082706767;0.0;0.13255494505494503;0.053624222652665976;-1.467741935483871;1.5373134328358211;-0.4444444444444444;1.1008403361344539;-1.099078341013825;-0.2650602409638554;-3.7804878048780486;-0.6346820809248555;-0.01667178070982922;0.0;0.02941176470588225;-0.003512880562060894;0.016256457003950064;0.0;0.13810092564944765;-0.008849557522123908;;0.06355932203389836;-0.23143650242886882;-0.1666318210328246;-0.008559947593787975;0.0934537794701451;;0.0010770007452460817;0.0;0.09199828840393676;0.08955223880597019;-0.005170169239352762;-0.007069893438543695;0.6000000000000001;0.25;0.027985761630047845;8.862459066616424e-06;0.12795289693322798
2018-09-30;0.0837620161080801;0.20364477870986408;-0.012843247890805487;0.01673786519108922;0.06764909504500038;0.6527696793002915;0.0;0.011136152724380288;1.7771110158594086;-4.206185567010309;2.0366726296958855;0.008001313648509534;-0.053024390243902486;-0.0027103096007505822;0.00113538282270631;0.01123847216517948;0.01503595554587056;0.010928961748633892;0.01697627495999443;0.022051546111736542;-0.12048192771084343;-0.11907770056854072;0.3943488943488944;0.1336032388663968;0.04275534441805218;-0.03978388998035365;0.5758308157099699;0.3605442176870748;0.04127829560585883;;0.008272506082725117;0.016359970886981046;0.01673786519108922;0.04549457940333412;-0.004633204633204602;0.033041197376470155;0.018543246579829198;0.024560291554428737;-0.2571428571428571;0.3459982409850484;-0.005340020652013555;0.579746835443038;4.722222222222222;0.0;0.009702850212249814;0.07140783744557333;-0.3908045977011495;-1.0607843137254902;0.6000000000000001;-1.1965714285714286;-1.069767441860465;0.049180327868852514;-0.5087719298245614;0.4493670886075949;-0.026003744539213614;0.0;0.02857142857142847;-0.003525264394829586;0.015996412019733786;0.0;0.121343303161485;-0.0026041666666666297;;0.05976095617529875;-0.3011286681715576;0.6171600602107377;0.0038032464576223113;0.03286037120735008;;0.006572722600848291;0.0;0.07205832960143299;-0.033745405947210205;0.016787557017871935;0.01704102142787023;-0.75;0.19999999999999996;-0.008597014925373125;4.431190262055296e-06;0.06036063350890708
2018-12-31;0.004506880184110829;-0.1697909156452776;0.011213935764833982;0.0022008978422458636;-0.022223251505326558;-0.09551949197389309;-0.09551949197389309;0.007276779861020044;-0.25829603333847817;-0.207395498392283;-0.2559646539027982;-0.06063680118474635;0.061324885386081496;0.0;-0.001385821832019296;0.005907546891153359;-0.00933877200515243;-0.021081081081081088;-0.02182390367380449;0.003384692089060337;-0.020547945205479423;0.04320544998207243;-0.2638215859030837;-0.06403061224489792;-0.14255884586180712;-0.04143222506393862;0.36541411042944794;-0.04749999999999999;0.03964194373401542;;0.02521718146718155;0.0011755610055959043;0.0022008978422458636;0.010292856267614336;-0.03862005430566329;0.012995491005651783;0.020295841887847166;0.02575007732755963;-0.34615384615384615;0.2570569785676948;-0.005368689565165785;-0.31169871794871795;-0.36407766990291257;0.08306188925081437;-0.033633633633633586;0.1313555495349048;-0.6415094339622642;2.5201612903225805;-0.21875;0.819767441860465;3.833333333333333;-0.09375;-0.125;-0.20524017467248912;0.05363626655275522;-0.20524017467248912;0.02777777777777768;-0.003537735849056589;0.01574455562095345;0.0;0.1082124473561068;-0.032567139127191336;;0.0563909774436091;-0.4308785529715762;-0.31337263419174677;-0.0011840114307273275;-0.013898852223816371;;0.0016020326609487157;-0.08452289484680608;-0.08472031851706807;-0.02109266943291843;0.0022509389856328887;0.003022897815892822;-1.5;0.16666666666666674;-0.05407683969649524;0.0006558132527452187;-0.19728160692136731
2019-03-31;0.004486659348002409;-0.20451584889274854;0.011089577950043061;0.0021960645285636904;-0.022728349328760555;-0.10560702096538277;-0.10560702096538277;0.007224210868857828;-0.34824680054104673;-0.26166328600405675;-0.34402216943784636;-0.06455096522966086;0.05778144490013837;0.0;-0.0027060761228394625;0.0015783291733959537;-0.009426806804637589;-0.021535063500828233;-0.022310812701077043;0.0034268617399457746;-0.020979020979020935;0.04141605086784672;-0.3583663699603561;-0.06841101117470705;-0.16626079256143456;-0.04322305229455714;0.2676214546475708;-0.04986876640419946;0.038130381303812966;;0.024596916558785376;0.0011741806845695368;0.0021960645285636904;0.010187992722862305;-0.04017147900643048;0.01266831796142176;0.019892114673616623;0.025103656238220973;-0.5294117647058824;0.20449111134213527;-0.0053976679688665374;-0.45285215366705467;-0.5725190839694656;0.07669172932330826;-0.03480422622747048;0.11610456994611851;-1.7894736842105265;0.7159221076746849;-0.28;0.45047923322683703;0.7931034482758621;-0.10344827586206895;-0.1428571428571429;-0.2582417582417582;0.050905865957177276;-0.2582417582417582;0.027027027027026973;-0.0035502958579881616;0.015500507025930865;0.0;0.09764594109574576;-0.033663461770163106;;0.053380782918149405;-0.7570942111237231;-0.456394035246272;-0.0011854149756085341;-0.014094753114485714;;0.0015994702573562947;-0.09232660693645878;-0.0925622192112957;-0.021547156481808494;0.00224588363859346;0.00301378744440961;3.0;0.1428571428571428;-0.057168321874204175;0.0006553834435971684;0.21186930066296994
2019-06-30;-0.01449275362318836;-0.04949053857350805;-0.03072090299222663;0.012746042129319068;0.003237940127190919;-0.08133449629306588;-0.08133449629306588;0.010532437322305466;0.18358876117496803;1.1483516483516483;0.23657211828605917;0.08633881623297834;0.2019363127466276;-0.15629822241725988;-0.023482100323917843;-0.016161542126287287;0.013126230584117327;-0.0562076749435666;0.028614350096573427;0.016689822431300128;0.18928571428571428;0.03184818481848195;0.07997202145022153;-0.20479812755997662;-0.34094530005310675;-0.07826733593604751;-0.47245606261999706;0.19337016574585641;0.03633491311216419;;0.023661842407534994;0.02589651509787072;0.012746042129319068;0.054853523832392836;-0.0015763753875256414;-0.07617686823485459;0.01105353237615292;0.042506250919252864;-3.138250319284802;0.03302836757005578;-0.08251379227632527;0.3319148936170213;3.6607142857142856;-0.12569832402234637;0.00643915003219564;0.11572021170075808;0.0;-0.1989319092122831;-0.38888888888888884;-0.22136563876651982;0.3076923076923077;-0.038461538461538436;-0.04761904761904767;0.0;0.06702994647248883;-0.1074074074074074;0.01754385964912264;-0.09184481393507526;0.0203518782691392;0.015503875968992054;0.04782971084182863;-0.011420876764251187;;-0.7567567567567568;-0.06542056074766356;0.4093931837073981;0.009212956071499079;0.0009961261759823259;;-0.0013912075681691283;0.09481555980923329;0.08590962671905689;0.020577617328519926;0.0008105761889323215;0.002242186434772142;7.75;8.5;0.036461850101283;0.0;-0.05251958660714373
2019-09-30;-0.022637415621986512;-0.05895865237366005;0.058884921724800865;-0.0037923205508844093;-0.03353110565680384;0.27011630666983155;0.27011630666983155;0.009975062344139696;-0.43404370110601564;-0.9641943734015346;-0.48462664714494874;-0.06408724925921905;-0.19083794617293381;0.31684233506517767;-0.01936243877970556;-0.012404082544885675;0.052256532066508266;0.012198038746711326;-0.08679324014187362;-0.03103959107027321;-0.10210210210210213;-0.0055973132896209865;0.019214162348877295;-0.11994113318616628;0.1877518130539888;-0.0849132714804357;-0.8955767077267638;0.07407407407407418;0.035060975609756184;;0.0006732495511669878;-7.395355716610652e-05;-0.0037923205508844093;-0.08667321126239558;0.3657175938108521;0.04320359698873233;0.0090988173888511;0.014954853273137614;1.467672091981485;0.03197237230546435;-0.08993464052287581;0.012779552715654896;-0.7049808429118773;0.14057507987220452;0.12539987204094682;0.020576923076923048;-6.6;-3.3733333333333335;-0.6363636363636364;-2.6053748231966054;-4.029411764705882;0.0;1.625;0.0;-0.005875175125412357;0.7883817427385893;0.017241379310344973;-0.101133391455972;0.01994594090781998;0.015267175572519331;0.04564645413938684;-0.02305519120169508;;-3.111111111111111;-0.06999999999999995;-0.04246534945443825;-0.0013593618573427557;-0.0672268907563025;;-0.0013002693415065103;-0.06028952008415933;-0.05850255460190179;-0.026176158471878264;-0.007639371502322634;-0.006832438969087695;5.514285714285714;-2.236842105263158;0.00013029315960921828;0.0;-0.06624948169182243
2020-03-31;-0.11657334550208431;-0.5105777054515866;0.26259272708408976;-0.009898124726945845;0.004819228923372165;1.1326854793496541;1.1326854793496541;-0.010066476733143426;-3.6005719733079125;-49.0;-3.9015151515151514;-0.06484551120541038;0.309445178335535;0.10088515296266931;-0.07345932654302312;0.0;0.19413092550790068;-0.04914933837429114;-0.08102962455258544;0.012552358245091266;-0.03678929765886285;0.03859761981344478;-1.0546494386782461;-0.35200668896321075;-0.6526458616010855;-0.09279259422525898;-8.576407506702418;0.07327586206896552;0.03387334315169355;;-0.005606638259699537;0.029639079949707936;-0.009898124726945845;0.009003816496611972;0.22763005780346823;0.042922443596860926;0.0014212488350420216;-0.07367250486516541;0.5947597724797289;0.03098181033086833;-0.09882217753519107;-1.1924290220820188;-3.0779220779220777;-0.24649859943977592;-0.16714042069357593;-0.11029457948621313;0.1071428571428572;2.966994382022472;6.0;3.7207048458149776;-0.15533980582524276;0.15999999999999992;0.07619047619047614;-5.391046949585424;-0.10756012183479569;-0.42227378190255216;0.016949152542373058;-0.11251212415130951;0.019555880471534337;0.015037593984962294;0.04365381239393762;0.13157758843273948;;1.473684210526316;-0.07526881720430112;-1.237141977209732;-0.008394807434374374;-0.17532005689900432;;-0.005837369177832286;-0.1306802056068872;-0.13668157850235974;-0.06320377769705776;-0.04126056393649791;-0.042443521097463854;-1.1096491228070176;-1.0638297872340425;-0.10995310057321517;0.0007390361552419566;-0.44795913296542345
2020-06-30;-0.07256736004467401;-0.08395677472984209;-0.11183696947286248;0.015994761160639026;0.055065772453183115;0.10199789695057837;0.10199789695057837;0.011256075722691161;-1.3009530791788857;-1.1949404761904763;-1.2893276762402088;-0.3929913499716392;-0.17304990091875339;0.7981633253549287;-0.005550416281221104;0.0;-0.15518130262931773;-0.047962226640159034;0.24537996187950606;0.16849846788240042;-0.2569444444444444;-0.0133168163518117;5.3565891472868215;-0.8670967741935484;-1.919921875;-0.12560738581146735;-1.0244161358811041;0.2730923694779117;0.06267806267806253;;0.04397834912043308;0.04358288289906076;0.015994761160639026;-0.11583530174609791;0.46162538845465684;0.34164248140015374;0.004909145901677459;0.04591836734693877;-0.6287232024283818;-0.21004135909114696;0.1588566571033898;0.7704918032786885;-0.44375;0.0074349442379182396;0.19249146757679192;0.042216731380162464;-1.838709677419355;-1.5089396353336872;0.1428571428571428;-1.5490854796565883;-2.5632183908045976;-0.017241379310344862;-1.0265486725663717;-0.33210117094077074;-0.0009678569609291587;-0.09638554216867468;-0.20151515151515154;-0.33224043715846985;8.962982880711401e-05;0.051851851851851816;-0.19876647042332496;0.019531784785287165;-0.33333333333333337;-0.14539007092198586;0.8565891472868219;0.5181818181818181;0.008514184268685998;-0.08792103876191848;;-0.011501034973220192;-0.41457177059527694;-0.4194059617507746;-0.06591702210158978;-0.010413062461898437;-0.008424153478539642;-9.88;-0.6666666666666667;-0.2456088992974239;-4.422098108691763e-06;0.20060801918257698
2020-09-30;0.003733140655105993;0.10435571687840284;-0.06605912013692927;-0.009549233046100225;-0.08154142145767318;-0.2977099236641222;-0.2977099236641222;0.011699974702757299;-0.5444579780755177;-0.2977099236641222;-0.5262267343485618;0.35993575704482406;-0.045355524573021944;-0.15645869104164456;-0.01043478260869568;;0.013628966639544382;-0.09005481597494125;-0.12416821932392863;-0.07632569602848338;-0.12149532710280375;0.03327055869428741;-0.7731707317073171;4.019417475728155;-1.7154989384288748;-0.1436510141706031;41.95652173913044;-0.11987381703470035;0.05898123324396787;;0.02030676171959378;-0.0052253616455013585;-0.009549233046100225;-0.014003841452767563;0.006979790821038057;-0.1526948517278729;0.009654565660307535;0.03472022955523668;-1.6934082779764945;-0.2658890582543575;0.13708050614340728;-0.37037037037037035;-0.6741573033707865;0.0036900369003689537;0.14596451058958215;0.03264919054392745;0.42307692307692313;-0.4890434782608696;6.125;-0.47348742352141404;0.02941176470588225;0.08771929824561409;22.0;-0.42019668943972166;0.021058535590454897;0.14222222222222225;-0.25237191650853896;-0.49754500818330605;8.962179602067799e-05;0.049295774647887036;-0.24807557732680197;-0.010921623920146839;-0.5;-0.17012448132780067;0.46137787056367396;-0.3934987168520102;-0.00011176573901106046;0.04927505778524899;;-0.010666692548844559;0.4073488862037984;0.416929918724122;0.014528850145288486;-0.015445408279360473;-0.013577126735879186;-0.1351351351351351;1.5;0.42646488164532403;0.0;-0.2171900799557519
2021-03-31;0.23026394721055787;-0.22103533278553822;-0.2030313537074645;-0.06779353317897574;-0.010227342739202783;-0.6020153985507246;-0.6020153985507246;-0.007063824467087532;3.4719251336898393;0.5869565217391304;3.155952380952381;0.19290975070322736;-0.1700515722696363;-0.12005909938459625;-0.25969673437691587;;0.004214328717639937;-0.05938037865748713;0.04391429873879349;-0.053108240587454336;-0.12765957446808507;0.04632442284325644;-10.655913978494624;1.8491295938104448;1.3620178041543025;-0.16774821544451646;0.9767206477732793;-0.07526881720430112;0.05569620253164542;;-0.02244336226974386;-0.0216916237581517;-0.06779353317897574;0.06520507189912861;-0.037344309844736356;-0.38192413164910655;0.013116558508564635;-0.011785912368275087;2.4421518054532068;-0.3621919292227137;0.12055479396822832;-5.014705882352941;-3.2758620689655173;0.3897058823529411;-0.21678321678321677;0.0989176779271892;-1.7837837837837838;-0.89857045609258;-1.9298245614035088;-0.5513234344738541;-2.2;0.7096774193548387;-4.144927536231885;-1.1474777960534934;0.056429463171036254;-0.5252918287937743;-0.3375634517766496;-0.990228013029316;8.961376467420124e-05;0.046979865771812346;-0.3299208934388087;-0.011856813142055445;-1.0;-0.20500000000000007;0.31571428571428584;-4.943582510578279;-0.10321522100153291;0.23936116952037656;;-0.06076354824785146;0.26696752889378095;0.280265806619191;-0.006546644844517169;-0.11514092446448698;-0.11110328689359306;-0.7552083333333334;0.6000000000000001;-0.09412404787812845;-0.0016052287119255881;0.6937948776562257
2021-06-30;0.11612258331911152;0.22890295358649793;-0.03132380360472342;0.010543188423165706;0.09642079053843755;-0.014224751066856278;-0.014224751066856278;0.007680684966003604;0.5527653213751869;0.2191780821917808;0.5388140933829848;0.105841058410584;-0.15903216937036013;-0.05088778376054459;0.021973168442555036;;-0.010391686650679466;-0.07349801768831965;0.07066957787481809;-0.010279336419472984;0.07317073170731714;0.009580490637247863;0.7558463251670378;-0.02511880515953835;0.9170854271356783;0.2757309941520467;-0.11098310291858682;-0.015503875968992276;-0.02248201438848918;;-0.011479315572882842;0.012164862172818758;0.010543188423165706;0.034713216957605875;0.004032168730752961;-0.05827788074415985;0.013422059256241292;-0.019924231794584024;-0.03442517662170841;0.16878980891719753;0.1490716753022452;0.7179487179487178;0.3787878787878789;-0.5714285714285714;-0.003826530612244916;-0.005491553751566847;-1.4310344827586206;1.838926174496644;-1.3584905660377358;-0.14964028776978422;-1.2797619047619047;-0.3867924528301887;-0.9032258064516129;2.0475478285366924;-0.02883479082959106;1.9754098360655736;0.008620689655172376;516.5;0.0026881720430107503;0.03846153846153855;0.1573958333333334;0.011312113579116101;;-0.6933962264150944;-0.01140065146579805;0.7099427753934191;-0.007251570283251962;0.15289840436275504;;0.002530336620943041;0.1457985821517931;0.14531590782288206;-0.03418451400329492;0.010173659332118667;0.008866490758740131;-0.3829787234042553;-0.5;0.16306306306306317;-8.85845517395456e-06;0.1463182470812372
2021-09-30;0.03226299694189594;0.4017167381974249;0.07121775952778142;-0.001781854729919985;0.051341735740509487;0.37604617604617596;0.37604617604617596;0.006122703986005229;0.08586830958798619;-0.6797752808988764;0.06049888309754281;0.04468137055424437;-0.15216111946642252;-0.0543731184705778;0.02684890065366541;;0.007673667205169599;0.0072416063199474134;0.025559105431310014;-0.01777706560528025;0.07954545454545459;0.011358734723220687;0.5230696052005708;0.1629526462395543;0.745740498034076;0.2161356864542745;-0.12483801295896324;-0.15748031496062997;-0.022999080036798514;;-0.009640666082383897;-0.014854454298242059;-0.001781854729919985;-0.0061377293614833794;-0.03707054436329138;0.04446067237983575;0.019363916558717165;-0.009735146743020784;-0.035652520952507705;0.14441416893732972;0.1297322686707374;0.4392324093816631;1.10989010989011;-0.09876543209876543;0.0653008962868118;0.0021607346497809488;-4.04;-4.84160756501182;-2.3684210526315788;-3.1065989847715736;-4.914893617021276;-0.07692307692307687;6.714285714285714;2.714344021061742;0.0006814310051106443;-0.38292011019283745;0.008547008547008517;0.9980676328502416;0.002680965147453085;0.03703703703703698;0.13599135991359912;-0.04628203967031974;;-2.2615384615384615;-0.011532125205930832;0.45199749006484;-0.018909296360733907;0.034197617379116974;;0.007892228108834498;0.0902142759656066;0.08922086740869761;-0.024733475479744138;0.012726160521154606;0.011778491869820495;-0.896551724137931;-1.0;0.018461141234185297;0.0;-0.053419633027107505
2021-12-31;0.17186871786190405;0.6243110838946724;-0.11326066123622425;0.026854238939314712;0.19530195301953013;0.6612835570469799;0.6612835570469799;-0.006985842026825617;0.061170212765957466;2.6491228070175437;0.08706336668421977;0.1383920224368962;-0.3115841431436064;-0.06390522774965612;0.013809974747474696;;0.3900801603206412;-0.030228758169934644;0.09899251010804;0.056643831672712475;-0.044736842105263186;0.10463463178845611;-0.05465334166146163;0.25988023952095807;0.02665165165165173;0.17772333207689406;-0.1426456071076012;-0.06074766355140182;-0.02354048964218458;;-0.04612831858407085;0.02678476433663146;0.026854238939314712;0.08247381013967936;-0.011320149407639923;-0.046849272428937216;0.007537082886001523;0.028480555153968412;-0.036970616636777476;0.1261904761904762;0.11483452519540993;-0.09407407407407409;0.203125;-0.13013698630136983;0.05949519230769229;0.051416422111756566;-0.23684210526315785;-0.728;-0.07692307692307687;-0.8771084337349397;-0.21467391304347827;-0.275;-0.22530864197530864;0.28217984976419097;0.05625273602801695;0.008928571428571397;0.008474576271186418;0.4995164410058026;0.002673796791443861;0.03571428571428581;0.1197116146411028;-0.06659544159544162;;1.792682926829268;-0.011666666666666714;-0.08585422068568138;-0.013761740441966208;0.21388399512129008;;0.008821507577167154;0.11017915762532682;0.11325996801561278;0.026672496720594685;0.026857381265217528;0.026924408677898137;1.0;inf;-0.021232095322601063;-0.0013597849148030416;0.05427296308505247
2022-03-31;0.14666209212878534;0.3843543826578699;-0.12772711921648094;0.026151948271697867;0.16339131089526382;0.39805580103522287;0.39805580103522287;-0.007034987337022791;0.057644110275689275;0.7259615384615385;0.08009042467301786;0.12156798335660124;-0.45261035178131304;-0.0682679036824766;0.013621857242936075;;0.28061702587760395;-0.031171019376579623;0.09007569132414583;0.05360730832360283;-0.04683195592286504;0.09472329472329477;-0.05781301618764456;0.20627376425855504;0.025959780621572115;0.15090414466314606;-0.16637881404720778;-0.06467661691542292;-0.024108003857280624;;-0.048359039777339685;0.026086055487915427;0.026151948271697867;0.0761901205988873;-0.011449762429018406;-0.06406272587954176;0.007480700228335246;0.027691875175709812;-0.03838991548488757;0.11205073995771664;0.10300589244424563;-0.10384300899427634;0.16883116883116878;-0.14960629921259838;0.056154282473057204;0.04890205348751109;-0.31034482758620685;-2.6764705882352944;-0.08333333333333337;-7.137254901960785;-0.273356401384083;-0.3793103448275862;-0.29083665338645415;0.2200782127531382;0.0532568902396906;0.008849557522123908;0.008403361344537785;0.3331183489197034;0.002666666666666595;0.034482758620689724;0.10691289888912481;-0.07134681419305611;;0.6419213973799127;-0.01180438448566612;-0.09391742830129213;-0.013953768583398252;0.17619805185743398;;0.008744369059253465;0.09924448398130625;0.10173721437006189;0.02597955706984667;0.026154928381705522;0.026218491303134694;0.5;1.0;-0.021692676293466273;0.00915889011105997;0.36469331011621464
2022-06-30;0.07018787105714863;0.3031045751633987;0.16284652315316706;0.03665181201394696;0.20591547472655503;0.7031786165793752;0.7031786165793752;0.008753699855154506;1.4876777251184836;0.5236768802228413;1.435939602332187;0.10743922678902673;0.5077773229635694;-0.20181110457387397;0.06522295602314032;;-0.49893054148373295;-0.08973913043478265;0.08332411198406553;0.023736092415974408;0.653179190751445;-0.06630613684458031;1.9140953716690041;0.45311268715524045;1.2662152530292232;0.3623470522803114;-0.31952117863720075;0.03191489361702127;0.02025691699604737;;-0.023884962222763817;0.028169093102190734;0.03665181201394696;0.11172788964598457;-0.07350355208553139;0.35622993295144467;0.010598113492628736;-0.016276843113117168;0.06681066587218831;0.06210392902408102;0.026254395455775015;2.2572992700729926;1.6814814814814816;0.11111111111111116;0.4253490870032224;0.011838818290431208;1.0750000000000002;-4.423751686909581;2.090909090909091;-3.428115015974441;0.4761904761904763;0.11111111111111116;1.0337078651685392;2.0998130209286376;-0.0027981811822315183;2.192982456140351;0.0;0.274915336236091;-0.0014627659574467655;0.22916666666666674;0.09594732804909234;-0.04639824705560125;inf;-0.20744680851063835;0.47866894197952226;2.2302608695652175;-0.01698523778862915;0.14050116273551327;;0.03586529500049518;0.268208448264071;0.2782430939226519;0.05022831050228316;0.0478740064415093;0.04521713515289538;-3.111111111111111;-0.5;-0.09081281440296529;0.01783508915347065;0.04755099528127271
2022-09-30;-0.07957856323023038;0.11285266457680243;0.18552307384963718;0.006465927444571973;0.06575571847192552;0.612162663697577;0.6151847728116218;0.005493819453115334;0.07156918778179966;-0.6361974405850092;0.04780900945133171;-0.0451800590646626;-0.1608524501153794;0.11844366463542522;0.022444369683279675;;0.2675803190294317;0.011463507833397113;0.025434116445352428;0.13631533136348573;-0.23776223776223782;-0.09947116595316041;0.01961256166526293;0.2559652928416485;-0.17848718351942128;0.26597264747907734;-0.46955345060893094;0.07731958762886593;0.019854721549636745;;0.003245942571785232;-0.033595975249091525;0.006465927444571973;-0.07555860691549121;-0.006832675372001162;0.4000803424194881;0.0729389149935924;-0.034621802002224644;0.06262654471828522;0.05847255369928406;0.025582736183180854;0.10140056022408972;-0.25690607734806625;0.28333333333333344;-0.12660135644310477;-0.05936024044654353;-0.012048192771084376;0.3247930626724478;-0.1029411764705882;0.3706140350877194;-0.3032258064516129;0.16666666666666674;-0.016574585635359074;-0.27752506791175946;0.012188705717292247;0.2719780219780219;0.0;0.21563419030452513;-0.0014649087761352542;0.18644067796610164;0.08754738990959465;-0.034983915441176516;1.0;-0.261744966442953;0.3237160992498558;0.08743404759341011;-0.02895883036350333;-0.11759565570189123;;0.039163818760388436;-0.04271783579742061;-0.031215152012862957;-0.08142292490118574;0.049538676712761465;0.04625815682788814;0.6842105263157894;0.0;-0.04091438555620264;0.019400916286320014;0.0294060334609203
2022-12-31;-0.020903277378097496;-0.08356807511737085;-0.13222490591473346;-0.0010549720114979566;-0.010398936438074657;0.03689939816489618;-0.026227678571428603;-0.006270954923630945;-0.15612777053455018;0.5954773869346734;-0.14736718795759385;-0.09744598836672513;-0.31429957942413456;0.24010312991525207;0.04514900817899781;;-0.12389223679546257;-0.11673592746505479;-0.015439784839127446;0.059715105862629736;-0.17660550458715596;0.024888143176733823;-0.16951852725985372;0.0;-0.025267993874425687;0.21009351821992905;-0.8852040816326531;-0.11961722488038273;0.019468186134852905;;0.020657043305126965;-0.03995279742983138;-0.0010549720114979566;-0.04990075212336442;-0.0012230545788105562;0.15061985313514925;-0.011854284861152586;0.05660377358490565;0.05893561103810785;0.055242390078917625;0.0249445854348036;-0.2093082400813835;-0.11617100371747213;0.04220779220779214;-0.04745470232959448;-0.012723952984137865;-0.5670731707317074;-0.5257363879797678;-0.8934426229508197;-0.5316799999999999;-0.4120370370370371;-0.4714285714285714;-0.6601123595505618;-0.12907630003139103;-0.058606947933812714;0.0;-0.529859391348958;0.17738411112845331;-0.0014670578821018854;0.15714285714285725;0.0804998391075833;-0.19691648312399546;0.5;-0.3545454545454545;0.24455100261551865;-0.20682740865432225;0.007190968085001526;-0.042477187522105164;;0.01966962114009485;-0.10734940663962744;-0.11379494958508074;0.014199655765920749;0.03381246641590541;0.048849220121941705;-0.15625;0.5;0.048125094883862074;0.0;0.2297267234498268
2023-03-31;-0.02134955300649055;-0.09118852459016391;-0.15237232183312832;-0.0010560861528309262;-0.010508210652730332;0.035586285641790116;0.10150008427439738;-0.006310527960012524;-0.18501351873310157;0.373228346456693;-0.17283780998832177;-0.10796693284913272;-0.4583628214201463;0.19361545352414367;0.04319863275540259;;-0.1414120979162452;0.016253207869974418;-0.015681910157830825;0.0563501506511217;-0.21448467966573814;0.024283765347885344;-0.2041207815275311;0.0;-0.025923016496465;0.1736175882744837;-7.711111111111111;-0.13586956521739135;0.01909641360037262;;0.02023896610582776;-0.04161545111831233;-0.0010560861528309262;-0.052521620488477416;-0.0012245522730751635;0.13090322813807975;-0.0119964947269815;0.0535714285714286;0.055655519017186794;0.052350427350427386;0.024337496669853076;-0.26471534255387585;-0.13144058885383803;0.04049844236760114;-0.0498188405797102;-0.012887938507773256;-1.3098591549295775;-1.1085319949811794;-8.384615384615385;-1.135292107960369;-0.7007874015748031;-0.8918918918918919;-1.9421487603305785;-0.14820620915017602;-0.015920489578061026;0.0;0.12267347883212998;0.15065950818585527;-0.001469213303058603;0.1358024691358024;0.07450240730629876;-0.24520050403973015;0.33333333333333326;-0.5492957746478873;0.19649737302977233;-0.26075965169626414;0.007139627253284431;-0.044361541018727135;;0.019290190403144836;-0.12025915564063194;-0.12840701994623271;0.014000848536275035;0.032706576399807785;0.019464323638213488;-0.18518518518518523;0.33333333333333326;0.04591541135573585;0.0;0.03749711754964946
2023-06-30;-0.09228330691582542;-0.21488162344983086;-0.033447880870561275;-0.016576829258387882;-0.056200115197893474;-0.09564791277449392;-0.09545231974537882;0.007859657947686172;-0.2832399827660491;-0.14449541284403666;-0.27821609500872024;0.021458981379280706;0.7112369337979094;-0.05661028191685569;0.011424876050873056;;-0.00047125353440147233;0.0;0.028163223352862587;0.017544645873574405;-0.05673758865248224;0.03289824187533297;-0.30631434862822116;-0.5876511226252159;-0.29374999999999996;-0.09570844686648505;-1.9122516556291391;0.5660377358490567;0.0233089579524679;;0.014101338432122468;-0.041151960333093984;-0.016576829258387882;-0.07276572765727662;-0.04043422733077906;-0.0068858530650336425;-0.03611043144931081;0.028722991331349368;-0.015428470671211891;-0.017664974619289286;-0.025656324582338907;-0.310586176727909;-0.3389830508474576;-0.017964071856287456;-0.02812202097235461;0.02336065573770485;0.8181818181818181;1.9710982658959537;0.7708333333333333;1.7171717171717171;-0.10526315789473684;-1.5;0.8596491228070176;-0.38974445700663995;0.0;0.5589820044146214;0.021528268754153146;-0.07655529953917051;0.004681647940074862;0.11086956521739122;-0.015613451589061356;0.00932927428066388;1.1;-0.34375;-0.04420374707259955;-0.31157645866756734;0.0034607786509273097;-0.07454648526077101;0.15999999999999992;0.00948582687174282;-0.03406102051551818;-0.04216533431911651;0.02468619246861925;0.0018169464227293375;0.002824420824169005;-2.0;0.0;0.04736186123805575;0.014598558311505805;-0.013490378844772999
2023-09-30;0.1443460039702964;0.202182653647329;0.03405230307339813;0.02480674360216706;0.10224498692240624;0.11568680574370083;0.11557329904929459;0.008484621623307653;0.0385910074537148;-0.08847184986595169;0.033137728684846435;0.08143647029105505;0.2071773988292187;-0.07092253109949476;0.019266837169650497;;0.04078264969354084;0.0;0.0022993102069379656;-0.004947872587532043;1.5413533834586466;-0.005802707930367523;0.17527453671928628;0.0;0.24264915786468744;-0.10583804143126174;2.0961887477313974;-0.321285140562249;0.022778025904421684;;0.036530756540183784;0.05423965286622168;0.02480674360216706;0.15159750869530053;-0.028136396305267874;-0.04498128331933593;0.016774903221712156;-0.015218211545717564;-0.015670238486105714;-0.017982637453493155;-0.026331904470300094;0.15101522842639592;0.01098901098901095;0.012195121951219523;-0.06571848945561554;-0.016591338177241233;-1.75;-2.8151750972762644;-0.02352941176470591;-1.6821561338289963;-0.3529411764705882;-3.0;-0.37735849056603776;0.013685524091908263;0.0;0.3660762772848496;0.00736134859461135;-0.08290187761212653;0.004659832246039164;0.09980430528375739;-0.015861098076020652;-0.010118700136213299;0.5238095238095237;-0.5238095238095238;-0.04624808575803985;0.14632650558076787;-0.004227613961767629;0.16424892106362243;0.0;0.012157911186762238;0.0;0.09462816894613701;0.016333197223356466;0.003300744551510748;0.0025894095083502933;1.5909090909090908;-0.5;0.019701176781700358;0.015394548529299001;0.08697311150229314
2023-12-31;-0.06778354241290141;-0.2381748686096512;-0.08397004889975546;0.010901012467126492;-0.0448181764252239;-0.042648130160272024;-0.04261062081096656;0.09996906897618318;-0.0925454334992476;-0.16764705882352937;-0.09538924156364847;-0.04118166128132261;-0.13767657600674676;0.059605018694865564;0.022582803613248492;;0.04496036240090606;;0.023738280470775974;0.02179437482765101;-0.28106508875739644;0.004345006485084291;-0.04854368932038833;0.0;-0.06317482196186541;-0.11836562763268743;0.6770222743259087;0.15384615384615374;0.022270742358078577;;0.04411095952705768;-0.005748940665104452;0.010901012467126492;-0.0824600342764027;0.026650232812927888;0.005989150815133071;-0.009070860899596411;-0.012005108556832678;-0.015919704045120997;-0.018311934329614865;-0.0270440251572327;-0.0468577728776185;0.12681159420289845;-0.4307228915662651;0.0005249343832021136;-0.0029670137878875513;-0.6333333333333333;0.1789924973204715;-0.9518072289156626;1.2711171662125342;-2.409090909090909;0.25;-1.0606060606060606;0.15750885648877166;-0.015074606784085565;0.030326248602413397;0.8714687018772342;-0.09039586450823023;0.004638218923933124;0.09074733096085419;-0.01611672706465761;0.03164930214271666;0.34375;-1.1;-0.04849068721901095;-0.04172908196019687;0.044097502210218575;-0.09085473764767782;0.0;0.008417418658278164;0.0;-0.04229286029087709;0.0012053033346726139;0.025532916380825554;0.024116646509229955;-0.5087719298245614;1.5;-0.09005446058091282;0.002861287543589164;-0.1066677001909857
2024-03-31;0.025742198942054317;0.30542489808717477;0.09842355492534827;0.004254391908949051;0.028651574905029564;0.05646976758933375;0.05641789153573229;0.010685563241662477;-0.10198354486893302;-0.20141342756183744;-0.10544783010156966;-0.0429504313990865;1.0114914425427872;-0.029382568871746506;-0.014150171765090813;;0.04302590224341607;;-0.07974473889321898;-0.008309450235443827;-0.39094650205761317;0.004326209078582055;-0.05102040816326525;0.0;-0.06743501716527711;-0.13425704730052557;0.4037049982523593;0.1333333333333333;0.021785561725758296;;0.0017421602787457413;0.006636992532620178;0.004254391908949051;0.10112376753016106;-0.14059707067203797;-0.0061095442965994895;-0.0004618937644341736;0.008531540847983354;-0.016177240933041626;-0.018653516295025763;-0.02779573367808663;-0.04916136495083867;0.112540192926045;-0.7566137566137566;0.13903462749213014;0.004201190337262295;-1.7272727272727273;0.15181818181818185;-19.75;0.5596880623875224;1.7096774193548385;0.19999999999999996;17.5;0.13607572469602025;0.0057858096296754535;0.1280709971221965;-0.06289979863799688;-0.09937934644432811;0.004616805170821747;0.0831973898858076;-0.016380730832606383;-0.002000762195121908;0.2558139534883721;11.0;-0.05096186297671279;-0.043546225993747245;-0.005662045221922374;0.0618440089438379;0.0;0.009719624521123515;0.001955797403415005;-0.0441605356557353;0.0012038523274477964;0.002187478637903917;0.002418391064186176;-1.0357142857142858;0.6000000000000001;-0.09896686854292835;0.01359905709737097;0.1535488722287348
2024-06-30;0.00967563118375292;-0.030747057410521306;0.0013668463816538523;0.21906604078133363;-0.0315867856747537;-0.20588235294117652;-0.20573330534648715;1.6031383896277336;0.3099431818181819;0.23893805309734506;0.3077346545554638;0.1227621121701501;-0.19521089096876143;-0.0735042918736395;0.6626566000165934;;0.2026184538653366;;0.04203059658038222;-0.06929276424708974;0.03378378378378377;0.00025716857400026605;0.10477807421780261;0.0;0.07651853799631869;0.0;0.0;0.2262443438914028;0.0;;0.04739130434782601;0.11873278905292772;0.21906604078133363;-0.01610099970801293;0.13510073572781178;-0.07645359477835267;0.007141656864392498;0.007562163547808254;0.0;0.0;0.0;0.12408759124087587;-0.043352601156069315;0.4782608695652173;0.002303086135421406;0.05973271353864029;-3.5;-0.909234411996843;-1.92;-0.946923076923077;-1.6904761904761905;0.6666666666666667;-1.7297297297297298;-0.05133299344325837;0.10359310792033494;0.013478830195703617;4.130931664253709;0.0;0.0;0.0;0.0;-0.0073508353221957146;0.0;0.0;0.0;0.11732430539341587;0.3956523163159791;0.0670118416489125;-0.03448275862068961;0.010810775430412756;-0.00626631543941869;0.12008473454256596;0.029258517034068232;0.30769792935444573;0.2967069072339148;106.0;27.75;0.04048711054879006;-0.1987494798123315;-0.009370415146417899
