end;AccountsPayableAndAccruedLiabilitiesCurrent;AccruedIncomeTaxesCurrent;AccumulatedOtherComprehensiveIncomeLossNetOfTax;Assets;AssetsCurrent;CashAndCashEquivalentsAtCarryingValue;CashCashEquivalentsRestrictedCashAndRestrictedCashEquivalents;CommonStockValue;ComprehensiveIncomeNetOfTax;ComprehensiveIncomeNetOfTaxAttributableToNoncontrollingInterest;ComprehensiveIncomeNetOfTaxIncludingPortionAttributableToNoncontrollingInterest;CostsAndExpenses;DebtCurrent;DebtInstrumentFairValue;DeferredIncomeTaxLiabilitiesNet;DeferredTaxLiabilitiesNoncurrent;DepreciationDepletionAndAmortization;DueToRelatedPartiesNoncurrent;EnergyRelatedInventory;ExciseAndSalesTaxes;ExplorationExpense;GuaranteeObligationsCurrentCarryingValue;IncomeLossFromContinuingOperationsBeforeIncomeTaxesExtraordinaryItemsNoncontrollingInterest;IncomeLossFromEquityMethodInvestments;IncomeTaxExpenseBenefit;IncomeTaxesPaidNet;IncreaseDecreaseInOtherCurrentAssetsAndLiabilitiesNet;InterestExpense;InterestPaid;InventoryFinishedGoodsAndWorkInProcess;InventoryPartsAndComponentsNetOfReserves;Liabilities;LiabilitiesAndStockholdersEquity;LiabilitiesCurrent;LongTermDebtAndCapitalLeaseObligations;LongTermDebtNoncurrent;LongTermInvestmentsAndReceivablesNet;MinorityInterest;NetCashProvidedByUsedInFinancingActivities;NetCashProvidedByUsedInInvestingActivities;NetCashProvidedByUsedInOperatingActivities;NetIncomeLoss;NetIncomeLossAttributableToNoncontrollingInterest;NetPeriodicDefinedBenefitsExpenseReversalOfExpenseExcludingServiceCostComponent;OtherAssetsCurrent;OtherAssetsNoncurrent;OtherComprehensiveIncomeDefinedBenefitPlansNetUnamortizedGainLossArisingDuringPeriodTax;OtherComprehensiveIncomeForeignCurrencyTransactionAndTranslationGainLossArisingDuringPeriodNetOfTax;OtherComprehensiveIncomeLossForeignCurrencyTranslationAdjustmentTax;OtherComprehensiveIncomeLossNetOfTax;OtherComprehensiveIncomeLossPensionAndOtherPostretirementBenefitPlansAdjustmentNetOfTax;OtherComprehensiveIncomeLossReclassificationAdjustmentFromAOCIPensionAndOtherPostretirementBenefitPlansForNetGainLossTax;OtherComprehensiveIncomeLossTaxPortionAttributableToParent1;OtherIncome;OtherLiabilitiesNoncurrent;OtherNonoperatingIncomeExpense;PaymentsForProceedsFromOtherInvestingActivities;PaymentsForRepurchaseOfCommonStock;PaymentsOfDividendsCommonStock;PaymentsOfDividendsMinorityInterest;PaymentsToAcquirePropertyPlantAndEquipment;PensionAndOtherPostretirementDefinedBenefitPlansLiabilitiesNoncurrent;ProceedsFromIssuanceOfLongTermDebt;ProceedsFromPaymentsToMinorityShareholders;ProceedsFromSalesOfBusinessAffiliateAndProductiveAssets;ProfitLoss;PropertyPlantAndEquipmentNet;ReceivablesNetCurrent;RestrictedCashAndCashEquivalentsAtCarryingValue;RetainedEarningsAccumulatedDeficit;RevenueFromContractWithCustomerExcludingAssessedTax;Revenues;SellingGeneralAndAdministrativeExpense;StockholdersEquity;StockholdersEquityIncludingPortionAttributableToNoncontrollingInterest;StockholdersEquityOther;StockIssuedDuringPeriodValueTreasuryStockReissued;TaxesOther;TreasuryStockValue;StockPrice
2008-06-30;37207000000.0;3263000000.0;-1957871346.8142624;;48315000000.0;38968000000.0;31047052136.478954;;43198909301.26837;;50932000515.19876;115641000000.0;-17461659623.38234;-21725360166.2132;16419515845.167068;;3008000000.0;;40542807627.89627;9538000000.0;338000000.0;;7240000000.0;2983000000.0;10526000000.0;3817000000.0;-1037199934.2821168;107000000.0;101000000.0;;2855968767.1264143;;278041844805.0873;60306000000.0;-21992895565.4112;2155364556.821361;46499950300.49141;6179539178.186897;-10105000000.0;-4740000000.0;8910000000.0;11680000000.0;536000000.0;473339158.5442168;3303550279.4158545;10690054540.386047;;;;;;-365721693.9933999;;1313000000.0;;27494260.917468548;208000000.0;7852000000.0;1981000000.0;90000000.0;4673000000.0;17892427758.2177;22000000.0;-111000000.0;;15366000000.0;191698743524.01947;40443844517.29677;;255333857288.76877;81675200057.1006;143106512173.99994;4389000000.0;121048191470.23416;127239471629.71085;794936076.117816;874595005.0260923;11418000000.0;156901934170.7371;48.790496826171875
2008-09-30;37207000000.0;3263000000.0;-2168880785.7685547;224661000000.0;59496000000.0;36674000000.0;11673789910.29866;5260000000.0;6601000000.0;242000000.0;6843000000.0;111044000000.0;2157000000.0;-329325481.66596985;36268460733.14514;21880000000.0;3008000000.0;;21805509989.15578;9327000000.0;403000000.0;;7240000000.0;2824000000.0;11327000000.0;3817000000.0;-1016398646.466082;318000000.0;101000000.0;9855000000.0;4490695207.903793;113508000000.0;224661000000.0;51614000000.0;7117000000.0;-15178636289.111652;30358000000.0;4561000000.0;-10105000000.0;-4740000000.0;8910000000.0;14830000000.0;536000000.0;373466057.9967296;4464000000.0;6946000000.0;;;;;;1888406814.6113105;;2828000000.0;14610000000.0;249566720.2547207;208000000.0;7852000000.0;1981000000.0;90000000.0;4673000000.0;10108562828.52394;22000000.0;-111000000.0;;15366000000.0;127861000000.0;26862000000.0;;270160000000.0;75023158580.58716;129278688853.895;3823000000.0;106592000000.0;111153000000.0;510455743.9170408;684693761.4438101;10989000000.0;160579000000.0;43.21367263793945
2009-03-31;42645000000.0;7870000000.0;-23373465344.121555;224661000000.0;59496000000.0;24972000000.0;6478074800.84906;5260000000.0;6601000000.0;242000000.0;6843000000.0;56178000000.0;2157000000.0;19506802210.17276;42804299330.00375;21880000000.0;2793000000.0;;20538378914.297165;5906000000.0;351000000.0;;7240000000.0;1470000000.0;3148000000.0;3817000000.0;-2051788858.962464;107000000.0;101000000.0;9855000000.0;2725000000.0;113508000000.0;224661000000.0;51614000000.0;7117000000.0;-1044777355.4141464;30358000000.0;4561000000.0;-10105000000.0;-4740000000.0;8910000000.0;4550000000.0;152000000.0;370900241.5375957;4464000000.0;6946000000.0;;;;;;1841432545.9919837;;430000000.0;14610000000.0;-2494944397.3826523;208000000.0;7852000000.0;1981000000.0;90000000.0;4673000000.0;18632000000.0;22000000.0;-111000000.0;;4702000000.0;127861000000.0;26862000000.0;;270160000000.0;81005150027.8622;61749025692.46723;3448000000.0;106592000000.0;111153000000.0;249361012.2745888;347719126.1288258;7800000000.0;160579000000.0;38.30399703979492
2009-06-30;42645000000.0;7870000000.0;-21025078654.051525;224661000000.0;59496000000.0;15576000000.0;-7764062870.657227;5260000000.0;6601000000.0;242000000.0;6843000000.0;66940000000.0;2157000000.0;15276741148.587944;41720744193.59051;21880000000.0;3004000000.0;;20475839292.50525;6216000000.0;490000000.0;;7240000000.0;1583000000.0;3571000000.0;3843333333.3333335;-2082349992.7206173;343000000.0;110666666.66666669;9855000000.0;2725000000.0;113508000000.0;224661000000.0;51614000000.0;7117000000.0;-4064875431.734932;30358000000.0;4561000000.0;-8276666666.666667;-4882333333.333333;10288666666.666666;3950000000.0;-4000000.0;327879928.20054203;4464000000.0;6946000000.0;;-517000000.0;;-460014075.25245416;;1633285746.3717823;;707000000.0;14610000000.0;-2015196809.4707432;193666666.66666663;6066333333.333333;1982666666.6666667;87666666.66666667;5034000000.0;18632000000.0;23666666.666666668;-74333333.33333334;;3946000000.0;127861000000.0;26862000000.0;;270160000000.0;79278474596.75127;72573247251.856;3519000000.0;106592000000.0;111153000000.0;378000000.0;432000000.0;8436000000.0;160579000000.0;39.55674743652344
2009-09-30;42645000000.0;7870000000.0;-14023239136.44554;229307000000.0;57324000000.0;12472000000.0;-14366170589.6064;5445000000.0;6599000000.0;386000000.0;6985000000.0;73056000000.0;2418000000.0;18100000000.0;41207090595.60779;23238000000.0;2927000000.0;;18228608923.16965;6805000000.0;495000000.0;8686000000.0;12706000000.0;1675000000.0;4333000000.0;3869666666.6666665;-2140416146.8611093;62000000.0;120333333.33333331;9860000000.0;2725000000.0;117202000000.0;229307000000.0;52933000000.0;7185000000.0;-5714713792.597481;32064000000.0;4840000000.0;-6448333333.333334;-5024666666.666667;11667333333.333334;4730000000.0;141000000.0;205380764.87503123;5179000000.0;7045000000.0;;-517000000.0;;-460014075.2524542;;1454623584.334197;;495000000.0;15214000000.0;-2245148005.3896112;179333333.33333334;4280666666.6666665;1984333333.3333333;85333333.33333333;5395000000.0;18632000000.0;25333333.33333333;-37666666.66666667;;4871000000.0;132874000000.0;26937000000.0;;272879000000.0;79344878777.01897;80879709014.66415;3887000000.0;107265000000.0;112105000000.0;378000000.0;432000000.0;9094000000.0;164679000000.0;39.05827713012695
2010-03-31;46136000000.0;9212000000.0;-13290651087.815475;242748000000.0;61696000000.0;13742000000.0;-17587351393.468124;5300000000.0;6224000000.0;374000000.0;6598000000.0;78183000000.0;2396000000.0;18100000000.0;40305553509.25929;23662000000.0;3280000000.0;;19061407832.393505;6815000000.0;686000000.0;8686000000.0;12706000000.0;2537000000.0;5493000000.0;3896000000.0;-2541248402.557741;55000000.0;130000000.0;10631000000.0;2857000000.0;125082000000.0;242748000000.0;57744000000.0;7054000000.0;-4981466599.069603;32541000000.0;5125000000.0;-4620000000.0;-5167000000.0;13046000000.0;6300000000.0;275000000.0;169517201.83206356;5329000000.0;7692000000.0;;-517000000.0;;-460014075.2524542;;1257943633.2497048;;677000000.0;19035000000.0;-1262620144.4089394;165000000.0;2495000000.0;1986000000.0;83000000.0;5756000000.0;17587000000.0;27000000.0;-1000000.0;;6575000000.0;140819000000.0;29052000000.0;;281251000000.0;79082062925.91277;88949114761.28519;3514000000.0;112541000000.0;117666000000.0;378000000.0;432000000.0;8613000000.0;168473000000.0;38.602481842041016
2010-06-30;45454000000.0;9421000000.0;-13496041529.335976;291068000000.0;62216000000.0;13252000000.0;-28920573262.722626;9002000000.0;6342000000.0;127000000.0;6469000000.0;79780000000.0;2946000000.0;18100000000.0;35498236712.03012;34283000000.0;3366000000.0;;16190094708.132326;6946000000.0;407000000.0;8686000000.0;12706000000.0;2244000000.0;4960000000.0;4215250000.0;-2616434108.807397;40000000.0;123250000.0;10439000000.0;3000000000.0;145701000000.0;291068000000.0;57821000000.0;17486000000.0;-1486542626.5052414;32642000000.0;5195000000.0;-5152250000.0;-5213500000.0;13998500000.0;7560000000.0;186000000.0;141041654.67579556;6304000000.0;8141000000.0;;-1847000000.0;;-1630264852.2826393;;-171227284.40210247;;549000000.0;18968000000.0;-1798956928.0027008;34500000.0;3284500000.0;2036500000.0;86000000.0;6079750000.0;17143000000.0;44750000.0;-3000000.0;;7746000000.0;188069000000.0;29206000000.0;628000000.0;286745000000.0;79010819387.99384;91420066588.91652;3607000000.0;140172000000.0;145367000000.0;409250000.0;544000000.0;8569000000.0;148820000000.0;33.11445617675781
2010-09-30;48251000000.0;10443000000.0;-13154793624.635536;299994000000.0;62633000000.0;12244000000.0;-26067632234.161743;9341000000.0;9766000000.0;480000000.0;10246000000.0;82440000000.0;3046000000.0;16100000000.0;33633428362.72669;35304000000.0;3844000000.0;;17024556852.132423;7172000000.0;500000000.0;8737000000.0;12858000000.0;2443000000.0;5297000000.0;4534500000.0;-2887000000.0;54000000.0;116500000.0;11154000000.0;3148000000.0;149394000000.0;299994000000.0;61740000000.0;15248000000.0;-1960230825.512108;33173000000.0;5569000000.0;-5684500000.0;-5260000000.0;14951000000.0;7350000000.0;211000000.0;112809348.69452453;5828000000.0;8748000000.0;177000000.0;2705000000.0;;2374984423.6883407;321487023.629451;-306113385.76884174;;502000000.0;19090000000.0;-1710885288.3104591;-96000000.0;4074000000.0;2087000000.0;89000000.0;6403500000.0;18012000000.0;62500000.0;-5000000.0;;7561000000.0;195440000000.0;30244000000.0;628000000.0;291861000000.0;79434310678.54945;94013356720.7867;3707000000.0;145031000000.0;150600000000.0;440500000.0;656000000.0;9306000000.0;151832000000.0;36.1097297668457
2010-12-31;52975500000.0;11379500000.0;-11311571487.347136;309763500000.0;67327500000.0;12538500000.0;-21751010798.382706;9248500000.0;10791500000.0;399500000.0;11191000000.0;88763500000.0;3303000000.0;14450000000.0;31988521117.357037;35712500000.0;3802500000.0;;18481483725.056763;7544000000.0;417000000.0;9816000000.0;15887500000.0;3135000000.0;6650500000.0;4853750000.0;-2887000000.0;41500000.0;109750000.0;12090000000.0;3192000000.0;155698000000.0;309763500000.0;67658000000.0;13782000000.0;-2063348806.131012;34190000000.0;5810000000.0;-6216750000.0;-5306500000.0;15903500000.0;9000000000.0;237000000.0;28716616.73986661;6604000000.0;8663000000.0;177000000.0;2019500000.0;;1771821335.2265415;321487023.6294512;-253137880.53115845;;714000000.0;19501500000.0;-1537397840.8991623;-226500000.0;4863500000.0;2137500000.0;92000000.0;6727250000.0;19044000000.0;80250000.0;-7000000.0;;9237000000.0;199583000000.0;32695000000.0;628000000.0;299611000000.0;79724317792.8847;102663825680.29256;3667000000.0;148255500000.0;154065500000.0;471750000.0;768000000.0;9354500000.0;156606500000.0;42.9999885559082
2011-03-31;57700000000.0;12316000000.0;-9468349350.05874;319533000000.0;72022000000.0;12833000000.0;-17434389362.60367;9156000000.0;11817000000.0;319000000.0;12136000000.0;95087000000.0;3560000000.0;12800000000.0;30343613871.987377;36121000000.0;3761000000.0;;19938410597.98111;7916000000.0;334000000.0;10895000000.0;18917000000.0;3827000000.0;8004000000.0;5173000000.0;-2887000000.0;29000000.0;103000000.0;13026000000.0;3236000000.0;162002000000.0;319533000000.0;73576000000.0;12316000000.0;-2166466786.749901;35207000000.0;6051000000.0;-6749000000.0;-5353000000.0;16856000000.0;10650000000.0;263000000.0;-55376115.21479142;7380000000.0;8578000000.0;177000000.0;1334000000.0;121000000.0;-2769000000.0;-272000000.0;-188317633.3732834;-120000000.0;926000000.0;19913000000.0;-1363910393.4878595;-357000000.0;5653000000.0;2188000000.0;95000000.0;7051000000.0;20076000000.0;98000000.0;-9000000.0;;10913000000.0;203726000000.0;35146000000.0;401000000.0;307361000000.0;80014355083.57896;111314291671.99512;3627000000.0;151480000000.0;157531000000.0;503000000.0;880000000.0;9403000000.0;161381000000.0;49.73541259765625
2011-06-30;57853000000.0;12315000000.0;-6013795166.685188;326204000000.0;72305000000.0;8287000000.0;-18090773105.9019;9352000000.0;11537000000.0;293000000.0;11830000000.0;106867000000.0;4365000000.0;12600000000.0;29439434658.91985;37193000000.0;3881000000.0;;19996229264.804848;8613000000.0;592000000.0;9618000000.0;18619000000.0;3720000000.0;7721000000.0;5233750000.0;-3613250000.0;45000000.0;102000000.0;15762000000.0;3286000000.0;164369000000.0;326204000000.0;74533000000.0;12123000000.0;-3716730997.5486975;35241000000.0;6284000000.0;-7094250000.0;-5352500000.0;17463750000.0;10680000000.0;218000000.0;-8257201.550711274;7639000000.0;8851000000.0;60000000.0;778000000.0;121000000.0;-2769000000.0;-272000000.0;-338372998.23739433;-120000000.0;372000000.0;20263000000.0;-979995704.7406844;-290250000.0;5665750000.0;2196250000.0;95250000.0;7249000000.0;20257000000.0;105750000.0;46250000.0;;10898000000.0;209807000000.0;35331000000.0;246000000.0;315733000000.0;78129246747.53647;122338842600.64069;3681000000.0;155551000000.0;161835000000.0;429500000.0;777750000.0;10286000000.0;166735000000.0;48.38256072998047
2011-09-30;54572000000.0;12968000000.0;-7998000000.0;323227000000.0;69376000000.0;11022000000.0;-12106953443.373032;9506000000.0;7801000000.0;101000000.0;7902000000.0;106650000000.0;7431000000.0;9800000000.0;29416060048.95823;36891000000.0;3866000000.0;;18909119458.76441;8484000000.0;728000000.0;7783000000.0;18680000000.0;3915000000.0;8009000000.0;5294500000.0;-4339500000.0;98000000.0;101000000.0;13398000000.0;3332000000.0;161015000000.0;323227000000.0;74971000000.0;9331000000.0;-2212652856.569763;35342000000.0;6273000000.0;-7439500000.0;-5352000000.0;18071500000.0;10330000000.0;341000000.0;54062504.65159416;7023000000.0;9315000000.0;-111000000.0;-3336000000.0;121000000.0;-2769000000.0;-272000000.0;-260980722.5339775;-120000000.0;940000000.0;20265000000.0;-837176968.4591637;-223500000.0;5678500000.0;2204500000.0;95500000.0;7447000000.0;19557000000.0;113500000.0;101500000.0;;10671000000.0;209194000000.0;34368000000.0;233000000.0;323786000000.0;77244446849.30403;122258613335.20056;3764000000.0;155939000000.0;162212000000.0;356000000.0;675500000.0;10222000000.0;172025000000.0;43.46559143066406
2011-12-31;56828000000.0;13729500000.0;-7998000000.0;334189500000.0;72768000000.0;14846000000.0;-4976690074.118454;9256500000.0;9188000000.0;213000000.0;9401000000.0;106594000000.0;6925000000.0;9747000000.0;29388769099.295563;36588500000.0;3854000000.0;;20501201442.703835;8488500000.0;625000000.0;9248500000.0;18097500000.0;4062500000.0;7862500000.0;5355250000.0;-5065750000.0;102500000.0;100000000.0;12370500000.0;3369000000.0;171025000000.0;334189500000.0;77482500000.0;9281000000.0;-497802512.85409546;34934500000.0;6689000000.0;-7784750000.0;-5351500000.0;18679250000.0;9890000000.0;345000000.0;-36800793.58546746;6721500000.0;8874500000.0;25000000.0;-1145500000.0;30500000.0;-834000000.0;66000000.0;-50853152.703985214;-104000000.0;797000000.0;21657000000.0;-676959758.959055;-156750000.0;5691250000.0;2212750000.0;95750000.0;7645000000.0;21558000000.0;121250000.0;156750000.0;;10235000000.0;211898000000.0;35106000000.0;404000000.0;330977000000.0;77462857124.3792;121658423326.1468;3682500000.0;156475500000.0;163164500000.0;282500000.0;573250000.0;10260000000.0;177095000000.0;51.77357482910156
2012-03-31;59084000000.0;14491000000.0;-7998000000.0;345152000000.0;76160000000.0;18670000000.0;4827201450.8810425;9007000000.0;10575000000.0;325000000.0;10900000000.0;106538000000.0;6419000000.0;9694000000.0;29361478149.632893;36286000000.0;3842000000.0;;22278828369.43269;8493000000.0;522000000.0;10714000000.0;17515000000.0;4210000000.0;7716000000.0;5416000000.0;-5792000000.0;107000000.0;99000000.0;11343000000.0;3406000000.0;181035000000.0;345152000000.0;79994000000.0;9231000000.0;1217047830.8615646;34527000000.0;7105000000.0;-8130000000.0;-5351000000.0;19287000000.0;9450000000.0;349000000.0;-127664091.82252908;6420000000.0;8434000000.0;161000000.0;1045000000.0;-60000000.0;1101000000.0;404000000.0;200000000.0;-88000000.0;654000000.0;23049000000.0;-524107245.239027;-90000000.0;5704000000.0;2221000000.0;96000000.0;7843000000.0;23559000000.0;129000000.0;212000000.0;;9799000000.0;214602000000.0;35844000000.0;477000000.0;338168000000.0;77681280427.13359;121015052824.53622;3601000000.0;157012000000.0;164117000000.0;209000000.0;471000000.0;10298000000.0;182165000000.0;52.70463180541992
2012-06-30;51322000000.0;12110000000.0;-10659000000.0;329645000000.0;72797000000.0;17802000000.0;7729957787.548523;9221000000.0;13249000000.0;196000000.0;13445000000.0;101172000000.0;6704000000.0;9405000000.0;37070414117.564186;36851000000.0;3899000000.0;3748000000.0;19230329312.272205;8027000000.0;372000000.0;9805000000.0;26191000000.0;3651000000.0;8537000000.0;6017333333.333333;-4635000000.0;50000000.0;101000000.0;11729000000.0;3429000000.0;161660000000.0;329645000000.0;70136000000.0;8877000000.0;7061000000.0;33921000000.0;5174000000.0;-7651333333.333333;-6918666666.666667;17388666666.666668;15910000000.0;1744000000.0;27460350.856155515;5881000000.0;7987000000.0;-71000000.0;-1367000000.0;23000000.0;-4209000000.0;-224000000.0;200000000.0;-791000000.0;10967000000.0;23679000000.0;-738514422.6166592;-97333333.33333331;5676333333.333333;2334333333.333333;99000000.0;7726666666.666667;22117000000.0;87666666.66666666;141000000.0;360000000.0;17654000000.0;214940000000.0;33741000000.0;215000000.0;351421000000.0;81366913525.91978;121924412794.26736;3486000000.0;162811000000.0;167985000000.0;188333333.3333333;444333333.3333333;9207000000.0;187172000000.0;52.013309478759766
2012-09-30;53516000000.0;13049000000.0;-9113000000.0;335191000000.0;72138000000.0;13055000000.0;6069468466.741241;9645000000.0;11116000000.0;541000000.0;11657000000.0;97821000000.0;3496000000.0;9525000000.0;36261488704.34139;37642000000.0;4037000000.0;3748000000.0;21556165570.59665;8137000000.0;494000000.0;9734000000.0;17320000000.0;3386000000.0;7394000000.0;6618666666.666667;-3478000000.0;59000000.0;103000000.0;13010000000.0;3565000000.0;162836000000.0;335191000000.0;70061000000.0;8928000000.0;7061000000.0;35105000000.0;5642000000.0;-7172666666.666667;-8486333333.333334;15490333333.333334;9570000000.0;356000000.0;82340020.34523451;5667000000.0;7618000000.0;100000000.0;1620000000.0;-55000000.0;1731000000.0;224000000.0;200000000.0;-155000000.0;766000000.0;24553000000.0;378089415.5434532;-104666666.66666669;5648666666.666667;2447666666.6666665;102000000.0;7610333333.333333;21652000000.0;46333333.33333333;70000000.0;360000000.0;9926000000.0;220330000000.0;36635000000.0;206000000.0;358369000000.0;78807525153.04422;111930820241.25072;3468000000.0;166713000000.0;172355000000.0;167666666.66666666;417666666.6666667;7883000000.0;192188000000.0;56.31418228149414
2013-03-31;53978000000.0;10169000000.0;-12767000000.0;339639000000.0;62594000000.0;6214000000.0;6452151648.925537;9665000000.0;8917000000.0;144000000.0;9061000000.0;92319000000.0;5937000000.0;7523000000.0;34260227664.956512;38712000000.0;4110000000.0;3748000000.0;20241980562.72809;7492000000.0;445000000.0;11966000000.0;16038000000.0;4418000000.0;6277000000.0;7220000000.0;-2321000000.0;24000000.0;105000000.0;12446000000.0;3785000000.0;166562000000.0;339639000000.0;70084000000.0;7475000000.0;7061000000.0;35641000000.0;6076000000.0;-6694000000.0;-10054000000.0;13592000000.0;9500000000.0;261000000.0;1231551.210052848;5482000000.0;7676000000.0;-19000000.0;-1209000000.0;37000000.0;-700000000.0;-65000000.0;200000000.0;-182000000.0;561000000.0;21257000000.0;540455163.5313721;-112000000.0;5621000000.0;2561000000.0;105000000.0;7494000000.0;25286000000.0;5000000.0;-1000000.0;360000000.0;9761000000.0;233728000000.0;34291000000.0;200972222.2222222;372666000000.0;79023196757.64088;104719548461.89195;3118000000.0;167001000000.0;173077000000.0;147000000.0;391000000.0;7945000000.0;202563000000.0;56.388919830322266
2013-06-30;52619000000.0;8208000000.0;-14381000000.0;341615000000.0;62844000000.0;4609000000.0;9089802626.81363;9882000000.0;5246000000.0;-55000000.0;5191000000.0;93898000000.0;11861000000.0;7454000000.0;34751530079.88214;38947000000.0;4405000000.0;4045000000.0;19626101594.7987;7552000000.0;454000000.0;11575000000.0;12768000000.0;3098000000.0;5793000000.0;6195000000.0;-2364666666.6666665;85000000.0;99000000.0;13373000000.0;3824000000.0;170027000000.0;341615000000.0;72688000000.0;7496000000.0;7098000000.0;35643000000.0;5941000000.0;-6428769230.769231;-9569923076.923077;13175153846.153849;6860000000.0;115000000.0;2948846.006606698;5295000000.0;7888000000.0;-38000000.0;-2337000000.0;79000000.0;-1784000000.0;-99000000.0;205000000.0;-164000000.0;518000000.0;21570000000.0;552252933.2511597;-197333333.3333333;5034000000.0;2618000000.0;89333333.33333333;7438666666.666667;25281000000.0;1836666666.6666667;-4411764.705882353;610333333.3333334;6975000000.0;235240000000.0;35340000000.0;195944444.44444445;376732000000.0;76768293697.06668;102547591076.1533;3268000000.0;165647000000.0;171588000000.0;99666666.66666666;261666666.6666667;8178000000.0;206586000000.0;56.485015869140625
2013-09-30;51260000000.0;7600000000.0;-13051000000.0;347564000000.0;61303000000.0;5310000000.0;9889149432.212769;10062000000.0;9200000000.0;331000000.0;9531000000.0;98183000000.0;13889000000.0;7318000000.0;35239481841.20813;39506000000.0;4287000000.0;4636000000.0;18245083580.15388;7882000000.0;486000000.0;11400000000.0;14189000000.0;3444000000.0;6120000000.0;5170000000.0;-2408333333.333333;52000000.0;93000000.0;12829000000.0;4038000000.0;172086000000.0;347564000000.0;72749000000.0;7404000000.0;7014000000.0;37048000000.0;6233000000.0;-6163538461.538462;-9085846153.846151;12758307692.307692;7870000000.0;199000000.0;20604685.480685238;5457000000.0;8232000000.0;85000000.0;1229000000.0;-16000000.0;1462000000.0;222000000.0;193000000.0;-124000000.0;538000000.0;22472000000.0;162175220.73678017;-282666666.6666666;4447000000.0;2675000000.0;73666666.66666667;7383333333.333333;25319000000.0;3668333333.3333335;-7823529.411764706;860666666.6666667;8069000000.0;240981000000.0;33230000000.0;190916666.66666663;381832000000.0;77347106240.6904;108540037023.44504;3150000000.0;169245000000.0;175478000000.0;52333333.33333333;132333333.33333334;8523000000.0;209598000000.0;54.192237854003906
2014-03-31;52109000000.0;8776000000.0;-11040000000.0;353033000000.0;61864000000.0;5601000000.0;11188062047.189056;10276000000.0;8785000000.0;59000000.0;8844000000.0;91098000000.0;9223000000.0;12086000000.0;35131849423.09219;40783000000.0;4192000000.0;4877000000.0;18245301452.03561;7416000000.0;317000000.0;11979000000.0;15227000000.0;4108000000.0;5857000000.0;4145000000.0;-2452000000.0;66000000.0;87000000.0;14439000000.0;4129000000.0;170142000000.0;353033000000.0;70108000000.0;12144000000.0;11786000000.0;37169000000.0;6493000000.0;-5898307692.307693;-8601769230.76923;12341461538.461538;9100000000.0;270000000.0;30058158.25309432;5011000000.0;8103000000.0;50000000.0;-786000000.0;-32000000.0;-526000000.0;84000000.0;135000000.0;-88000000.0;905000000.0;22015000000.0;154067498.93616104;-368000000.0;3860000000.0;2732000000.0;58000000.0;7328000000.0;20215000000.0;5500000000.0;-11235294.11764706;1111000000.0;9370000000.0;245897000000.0;32480000000.0;185888888.8888889;393800000000.0;78844773945.17928;102340626790.9179;3132000000.0;176398000000.0;182891000000.0;5000000.0;3000000.0;8021000000.0;216638000000.0;62.38103103637695
2014-06-30;52363000000.0;7218000000.0;-9311000000.0;358586000000.0;64013000000.0;6083000000.0;13596217249.259064;10487000000.0;10509000000.0;556000000.0;11065000000.0;97057000000.0;9948000000.0;11813000000.0;34627080851.868286;41000000000.0;4285000000.0;5041000000.0;19037458040.750515;7871000000.0;496000000.0;12003000000.0;14151000000.0;3312000000.0;5034000000.0;3172000000.0;-1465000000.0;64000000.0;114666666.66666669;13944000000.0;4233000000.0;170455000000.0;358586000000.0;69529000000.0;11817000000.0;11448000000.0;35110000000.0;6976000000.0;-5633076923.076923;-8117692307.692307;11924615384.615383;8780000000.0;337000000.0;36109402.029123545;5373000000.0;8110000000.0;27000000.0;1628000000.0;61000000.0;1948000000.0;92000000.0;121000000.0;-43000000.0;2177000000.0;22907000000.0;97211377.47860529;-342000000.0;3167000000.0;2791333333.333333;52000000.0;7166666666.666667;20161000000.0;6333333333.333333;-14647058.823529411;902000000.0;9117000000.0;251353000000.0;34182000000.0;;399614000000.0;78004866327.60141;108375407963.34103;3169000000.0;181155000000.0;188131000000.0;4000000.0;3000000.0;8484000000.0;219635000000.0;64.73342895507812
2014-09-30;49272000000.0;6469000000.0;-12196000000.0;352764000000.0;58595000000.0;4962000000.0;14212161556.725372;10681000000.0;5185000000.0;-27000000.0;5158000000.0;93720000000.0;10243000000.0;11568000000.0;34662601474.65105;41132000000.0;4362000000.0;5132000000.0;17515698081.29113;7519000000.0;319000000.0;10982000000.0;13410000000.0;3211000000.0;5064000000.0;2199000000.0;-478000000.0;88000000.0;142333333.33333334;13441000000.0;4320000000.0;165269000000.0;352764000000.0;65984000000.0;11591000000.0;11238000000.0;35012000000.0;6908000000.0;-5858416184.544153;-6891035951.59589;16361074219.920685;8070000000.0;276000000.0;1485734.196850777;4857000000.0;7751000000.0;-138000000.0;-3828000000.0;70000000.0;-3188000000.0;-372000000.0;141000000.0;-198000000.0;713000000.0;22162000000.0;83866176.55332565;-316000000.0;2474000000.0;2850666666.6666665;46000000.0;7005333333.333333;19268000000.0;7166666666.666667;;693000000.0;8346000000.0;251406000000.0;30963000000.0;;404738000000.0;77046472563.33586;104758627345.99876;3169000000.0;180587000000.0;187495000000.0;3000000.0;3000000.0;8244000000.0;222636000000.0;60.89186096191406
2015-03-31;38144000000.0;4512000000.0;-22595000000.0;342961000000.0;50658000000.0;5184000000.0;19617546048.63495;11006000000.0;1302000000.0;-406000000.0;896000000.0;60983000000.0;13277000000.0;19735000000.0;33617525018.15399;38935000000.0;4300000000.0;5519000000.0;14796451353.056095;5530000000.0;311000000.0;7000000000.0;6635000000.0;2261000000.0;1560000000.0;1226000000.0;509000000.0;88000000.0;170000000.0;11792000000.0;4310000000.0;165515000000.0;342961000000.0;55933000000.0;19494000000.0;19155000000.0;34471000000.0;6219000000.0;-5220838069.272882;-6702189653.80833;10366882336.228786;4940000000.0;135000000.0;298241223.12174505;4298000000.0;8335000000.0;-377000000.0;-5353000000.0;90000000.0;-4179000000.0;-813000000.0;160000000.0;-452000000.0;599000000.0;21002000000.0;22069942.349823;-290000000.0;1781000000.0;2910000000.0;40000000.0;6844000000.0;24632000000.0;8000000000.0;;484000000.0;5075000000.0;249497000000.0;25031000000.0;;410414000000.0;78912079817.99605;65645475622.70255;2713000000.0;171227000000.0;177446000000.0;2000000.0;3000000.0;6613000000.0;227598000000.0;55.84708023071289
2015-06-30;39914000000.0;4049000000.0;-21493000000.0;348260000000.0;51647000000.0;4343000000.0;18711853985.313293;11224000000.0;5292000000.0;159000000.0;5451000000.0;67159000000.0;14409000000.0;19001000000.0;33337702469.3862;39419000000.0;4451000000.0;5487000000.0;14943105779.942593;5965000000.0;370000000.0;7290000000.0;6954000000.0;2081000000.0;2692000000.0;1106750000.0;481500000.0;85000000.0;183250000.0;12299000000.0;4364000000.0;169262000000.0;348260000000.0;58372000000.0;19431000000.0;18857000000.0;34162000000.0;6330000000.0;-5244836841.326796;-6169756730.603367;10687381262.970558;4190000000.0;72000000.0;271207404.38712394;4649000000.0;8798000000.0;75000000.0;997000000.0;-25000000.0;1189000000.0;186000000.0;150000000.0;-112000000.0;672000000.0;21514000000.0;84748400.17671585;-294750000.0;1517250000.0;2946000000.0;40500000.0;6283250000.0;25039000000.0;8990750000.0;;407250000.0;4262000000.0;253653000000.0;25957000000.0;;411538000000.0;78782105325.1071;72296807803.45892;2831000000.0;172668000000.0;178998000000.0;2000000.0;3750000.0;6910000000.0;228601000000.0;55.11655044555664
2015-09-30;36681000000.0;3674000000.0;-24336000000.0;340662000000.0;47234000000.0;4296000000.0;18935859594.333893;11443000000.0;1397000000.0;-175000000.0;1222000000.0;61595000000.0;14473000000.0;19064000000.0;33322155128.551563;38210000000.0;4542000000.0;5524000000.0;13952932751.626104;5813000000.0;324000000.0;7333000000.0;5749000000.0;1783000000.0;1365000000.0;987500000.0;454000000.0;78000000.0;196500000.0;12249000000.0;4335000000.0;163823000000.0;340662000000.0;54828000000.0;19839000000.0;18790000000.0;34315000000.0;6116000000.0;-5250232538.399321;-5619058560.26867;9499063657.485996;4240000000.0;144000000.0;293766930.62696433;4197000000.0;8530000000.0;-225000000.0;-4023000000.0;82000000.0;-3162000000.0;-484000000.0;167000000.0;-315000000.0;641166666.6666666;21000000000.0;141208065.33957672;-299500000.0;1253500000.0;2982000000.0;41000000.0;5722500000.0;24422000000.0;9981500000.0;;330500000.0;4384000000.0;250583000000.0;22157000000.0;;412718000000.0;78504755083.37596;66070178054.7855;2967000000.0;170723000000.0;176839000000.0;2000000.0;4500000.0;6981000000.0;229102000000.0;49.71464538574219
2015-12-31;34487500000.0;3283000000.0;-22360000000.0;341725500000.0;45742500000.0;4571000000.0;18108701965.23819;11634000000.0;3167000000.0;89500000.0;3256500000.0;54286000000.0;14006500000.0;24062500000.0;31922577564.27578;37251500000.0;4653500000.0;5490500000.0;13205107404.247631;5314000000.0;339500000.0;7409500000.0;3739500000.0;1517000000.0;657000000.0;868250000.0;426500000.0;77500000.0;209750000.0;12037000000.0;4360500000.0;164057000000.0;341725500000.0;51777000000.0;24703500000.0;23548000000.0;34615000000.0;6213500000.0;-4867057513.457965;-5050457348.885571;8540125728.864137;3025000000.0;57500000.0;311280111.8695512;3782500000.0;8448000000.0;-72500000.0;-341500000.0;35500000.0;174000000.0;-182500000.0;146000000.0;-185500000.0;610333333.3333334;21423000000.0;178422809.70466232;-304250000.0;989750000.0;3018000000.0;41500000.0;5161750000.0;23411500000.0;10972250000.0;;253750000.0;3082500000.0;252920000000.0;20985500000.0;;411959000000.0;79307833955.29797;57388634256.345634;2780000000.0;171455000000.0;177668500000.0;2000000.0;5250000.0;6542500000.0;229778000000.0;52.576171875
2016-03-31;32294000000.0;2892000000.0;-20384000000.0;342789000000.0;44251000000.0;4846000000.0;17281544336.142517;11825000000.0;4937000000.0;354000000.0;5291000000.0;46977000000.0;13540000000.0;29061000000.0;30523000000.0;36293000000.0;4765000000.0;5457000000.0;12457282056.869164;4815000000.0;355000000.0;7486000000.0;1730000000.0;1251000000.0;-51000000.0;749000000.0;399000000.0;77000000.0;223000000.0;11837000000.0;4386000000.0;164291000000.0;342789000000.0;48726000000.0;29568000000.0;28306000000.0;34915000000.0;6311000000.0;-4483882488.516609;-4481856137.502469;7581187800.242285;1810000000.0;-29000000.0;328793293.1121382;3368000000.0;8366000000.0;80000000.0;3340000000.0;-11000000.0;3510000000.0;119000000.0;125000000.0;-56000000.0;579500000.0;21846000000.0;215637554.0697517;-309000000.0;726000000.0;3054000000.0;42000000.0;4601000000.0;22401000000.0;11963000000.0;;177000000.0;1781000000.0;255257000000.0;19814000000.0;;411200000000.0;80110912827.21997;48707090457.90566;2593000000.0;172187000000.0;178498000000.0;2000000.0;6000000.0;6104000000.0;230454000000.0;56.89199447631836
2016-06-30;33801000000.0;2731000000.0;-20744000000.0;342473000000.0;45828000000.0;4358000000.0;16473393543.240814;12019000000.0;1340000000.0;16000000.0;1356000000.0;55298000000.0;14972000000.0;29547000000.0;30523000000.0;36012000000.0;4821000000.0;5320000000.0;10686000000.0;5435000000.0;445000000.0;6961000000.0;2396000000.0;1124000000.0;715000000.0;1156000000.0;1666666.6666666863;75000000.0;271333333.3333333;11543000000.0;4332000000.0;165598000000.0;342473000000.0;51504000000.0;29499000000.0;28247000000.0;34182000000.0;6284000000.0;-4488633923.252117;-3908903632.204561;6067042329.773423;1700000000.0;-19000000.0;371077369.2520992;3768000000.0;8401000000.0;-49000000.0;-727000000.0;14000000.0;-325000000.0;-110000000.0;127000000.0;-162000000.0;548666666.6666666;21680000000.0;402380725.09119225;-266000000.0;651000000.0;3080666666.6666665;42666666.66666666;4030666666.6666665;21583000000.0;7995333333.333334;;347000000.0;1681000000.0;254062000000.0;21827000000.0;;409767000000.0;78295247312.7138;56474000000.0;2646000000.0;170591000000.0;176875000000.0;29333333.33333333;5000000.0;6670000000.0;230451000000.0;64.33635711669922
2016-09-30;30027000000.0;2755000000.0;-20466000000.0;339386000000.0;42945000000.0;5093000000.0;16089477876.543762;12228000000.0;2928000000.0;166000000.0;3094000000.0;55451000000.0;17239000000.0;28834000000.0;30523000000.0;34857000000.0;4605000000.0;5340000000.0;10686000000.0;5437000000.0;327000000.0;6787000000.0;3226000000.0;1103000000.0;337000000.0;1563000000.0;-395666666.6666666;106000000.0;319666666.6666667;10981000000.0;4361000000.0;162376000000.0;339386000000.0;50021000000.0;28916000000.0;27687000000.0;35553000000.0;6413000000.0;-4533732286.843365;-3359124378.4749465;5992763713.825971;2650000000.0;239000000.0;371112901.35703176;2122000000.0;8965000000.0;-11000000.0;-107000000.0;-9000000.0;205000000.0;-34000000.0;137000000.0;-157000000.0;1027088093.1211164;22223000000.0;360747808.8557148;-223000000.0;576000000.0;3107333333.333333;43333333.333333336;3460333333.333333;21019000000.0;4027666666.666667;;517000000.0;2889000000.0;251923000000.0;20388000000.0;;409284000000.0;78753252204.24118;56474000000.0;2736000000.0;170597000000.0;177010000000.0;56666666.66666666;4000000.0;6496000000.0;230449000000.0;60.41352081298828
2017-03-31;32069000000.0;2822000000.0;-20679000000.0;344209000000.0;43131000000.0;4897000000.0;8427298586.965149;14415000000.0;5570000000.0;159000000.0;5729000000.0;52753000000.0;18483000000.0;24219000000.0;30051333333.33333;34772000000.0;4519000000.0;5175000000.0;10686000000.0;5342000000.0;289000000.0;6814000000.0;5918000000.0;1710000000.0;1828000000.0;1970000000.0;-793000000.0;146000000.0;368000000.0;10981000000.0;4187000000.0;160438000000.0;344209000000.0;53374000000.0;25124000000.0;23907000000.0;38268000000.0;6620000000.0;-3246000000.0;-3761000000.0;8173000000.0;4010000000.0;80000000.0;317802046.11633545;1519000000.0;9663000000.0;5000000.0;1408000000.0;-18000000.0;1639000000.0;25000000.0;103000000.0;-116000000.0;487000000.0;21409000000.0;270348061.2761288;-180000000.0;501000000.0;3134000000.0;44000000.0;2890000000.0;20584000000.0;60000000.0;;687000000.0;4090000000.0;253147000000.0;21842000000.0;;408707000000.0;80482460324.39357;56474000000.0;2505000000.0;177151000000.0;183771000000.0;84000000.0;3000000.0;6996000000.0;225292000000.0;57.792030334472656
2017-06-30;31100000000.0;2664000000.0;-18902000000.0;343012000000.0;42180000000.0;4042000000.0;8806633475.156403;14617000000.0;5127000000.0;169000000.0;5296000000.0;53921000000.0;17185000000.0;24010000000.0;29579666666.666668;34585000000.0;4652000000.0;4954000000.0;11135000000.0;5589000000.0;514000000.0;7245000000.0;4156000000.0;1525000000.0;892000000.0;2006750000.0;-682500000.0;158000000.0;366000000.0;10981000000.0;4170000000.0;157174000000.0;343012000000.0;50949000000.0;24750000000.0;23531000000.0;37719000000.0;6660000000.0;-3870000000.0;-3285500000.0;8259500000.0;3350000000.0;-86000000.0;299034919.42401737;1544000000.0;10126000000.0;75000000.0;1674000000.0;-8000000.0;2032000000.0;159000000.0;123000000.0;-56000000.0;526000000.0;21158000000.0;369841001.4037838;-181750000.0;482500000.0;3173250000.0;43750000.0;3004750000.0;20778000000.0;824181818.1818181;;875500000.0;3264000000.0;252987000000.0;21289000000.0;;408768000000.0;79743640480.46544;56026000000.0;2556000000.0;179178000000.0;185838000000.0;64250000.0;2750000.0;7368000000.0;225305000000.0;57.4272346496582
2017-09-30;34698000000.0;3338000000.0;-16651000000.0;349427000000.0;45752000000.0;4266000000.0;9317276491.06372;14783000000.0;6221000000.0;372000000.0;6593000000.0;55517000000.0;15741000000.0;24199000000.0;29108000000.0;34430000000.0;4880000000.0;5003000000.0;12488000000.0;5864000000.0;284000000.0;7158000000.0;5583000000.0;1472000000.0;1498000000.0;2043500000.0;-572000000.0;111000000.0;364000000.0;;4255000000.0;160229000000.0;349427000000.0;53777000000.0;24869000000.0;23523000000.0;37649000000.0;6922000000.0;-4494000000.0;-2810000000.0;8346000000.0;3970000000.0;115000000.0;308081772.665705;1480000000.0;10470000000.0;74000000.0;2342000000.0;17000000.0;2508000000.0;145000000.0;139000000.0;-48000000.0;278000000.0;21276000000.0;388006840.0076122;-183500000.0;464000000.0;3212500000.0;43500000.0;3119500000.0;20874000000.0;1588363636.3636365;;1064000000.0;4085000000.0;255556000000.0;23263000000.0;;409449000000.0;80240096170.87346;59350000000.0;2632000000.0;182276000000.0;189198000000.0;44500000.0;2500000.0;7751000000.0;225305000000.0;58.630306243896484
2017-12-31;35952500000.0;3300500000.0;-16821500000.0;349126500000.0;47033500000.0;3177000000.0;6698032244.868286;14835500000.0;5090000000.0;181500000.0;5271500000.0;58244000000.0;17788500000.0;21810500000.0;28636333333.33333;30595000000.0;4675000000.0;4910500000.0;13183500000.0;5864000000.0;285500000.0;7013500000.0;6411500000.0;1691000000.0;1977500000.0;2080250000.0;-461500000.0;157500000.0;362000000.0;;4212000000.0;157072000000.0;349126500000.0;57041500000.0;22825000000.0;23523000000.0;38999500000.0;6819000000.0;-5118000000.0;-2334500000.0;8432500000.0;4310000000.0;124000000.0;300069393.6719074;1468000000.0;10139500000.0;99000000.0;769000000.0;13000000.0;837500000.0;289500000.0;111000000.0;-3500000.0;571500000.0;20415000000.0;408898746.466568;-185250000.0;445500000.0;3251750000.0;43250000.0;3234250000.0;21285000000.0;2352545454.5454545;;1252500000.0;4434000000.0;252954000000.0;23974500000.0;;412709500000.0;79840438559.20474;62393000000.0;2689500000.0;185235500000.0;192054500000.0;24750000.0;2250000.0;7949000000.0;225488000000.0;61.63753890991211
2018-03-31;37207000000.0;3263000000.0;-16992000000.0;348826000000.0;48315000000.0;4125000000.0;5669000000.0;14888000000.0;3959000000.0;-9000000.0;3950000000.0;60971000000.0;19836000000.0;19422000000.0;28164666666.666645;26760000000.0;4470000000.0;4818000000.0;13879000000.0;5864000000.0;287000000.0;6869000000.0;7240000000.0;1910000000.0;2457000000.0;2117000000.0;-351000000.0;204000000.0;360000000.0;;4169000000.0;153915000000.0;348826000000.0;60306000000.0;20781000000.0;23523000000.0;40350000000.0;6716000000.0;-5742000000.0;-1859000000.0;8519000000.0;4650000000.0;133000000.0;307000000.0;1456000000.0;9809000000.0;124000000.0;-804000000.0;9000000.0;-833000000.0;434000000.0;83000000.0;41000000.0;865000000.0;19554000000.0;458000000.0;-187000000.0;427000000.0;3291000000.0;43000000.0;3349000000.0;21696000000.0;3116727272.7272725;-59000000.0;1441000000.0;4783000000.0;250352000000.0;24686000000.0;;415970000000.0;74187000000.0;65436000000.0;2747000000.0;188195000000.0;194911000000.0;5000000.0;2000000.0;8147000000.0;225671000000.0;53.619327545166016
2018-06-30;38490000000.0;3457000000.0;-18609000000.0;348790000000.0;50555000000.0;3430000000.0;5669000000.0;15086000000.0;2333000000.0;-97000000.0;2236000000.0;66989000000.0;20500000000.0;19186000000.0;28105194632.77727;26783000000.0;4589000000.0;4575000000.0;14373000000.0;5603161102.353143;332000000.0;6332000000.0;6512000000.0;1729000000.0;2526000000.0;2036000000.0;-827500000.0;147000000.0;375500000.0;;4110000000.0;155257000000.0;348790000000.0;62447000000.0;20720000000.0;22025562451.807022;39691000000.0;6311000000.0;-4567500000.0;-2842500000.0;8473750000.0;3950000000.0;36000000.0;307000000.0;1649000000.0;10335000000.0;-58000000.0;-2040000000.0;5000000.0;-1750000000.0;-43000000.0;61000000.0;-114000000.0;316000000.0;19228000000.0;458000000.0;-192500000.0;425500000.0;3344500000.0;43000000.0;3811500000.0;21504000000.0;;-62750000.0;1107500000.0;3986000000.0;248209000000.0;26993000000.0;;416418000000.0;74187000000.0;71456000000.0;2993000000.0;187222000000.0;193533000000.0;8000000.0;2500000.0;8375000000.0;225673000000.0;60.48007583618164
2018-09-30;41714000000.0;4161000000.0;-18370000000.0;354628000000.0;53975000000.0;5669000000.0;5669000000.0;15254000000.0;6479000000.0;311000000.0;6790000000.0;67525000000.0;19413000000.0;19134000000.0;28137104787.992146;27084000000.0;4658000000.0;4625000000.0;14617000000.0;5726719467.773171;292000000.0;5578000000.0;9080000000.0;1960000000.0;2634000000.0;1955000000.0;-1304000000.0;200000000.0;391000000.0;;4144000000.0;157797000000.0;354628000000.0;65288000000.0;20624000000.0;22753313408.10495;40427000000.0;6466000000.0;-3393000000.0;-3826000000.0;8428500000.0;6240000000.0;206000000.0;307000000.0;1665000000.0;11073000000.0;-35333333.33333333;124000000.0;8000000.0;344000000.0;3000000.0;64000000.0;-56000000.0;458000000.0;18728000000.0;458000000.0;-198000000.0;424000000.0;3398000000.0;43000000.0;4274000000.0;21448000000.0;;-66500000.0;774000000.0;6446000000.0;249153000000.0;27880000000.0;;419155000000.0;74187000000.0;76605000000.0;2892000000.0;190365000000.0;196831000000.0;2000000.0;3000000.0;8303000000.0;225674000000.0;64.13069152832031
2018-12-31;41902000000.0;3454500000.0;-18576000000.0;355408500000.0;52775500000.0;5127500000.0;5127500000.0;15365000000.0;4805500000.0;246500000.0;5052000000.0;63430500000.0;20603500000.0;19134000000.0;28098111773.88713;27244000000.0;4614500000.0;4527500000.0;14298000000.0;5746102649.852011;286000000.0;5819000000.0;6684500000.0;1834500000.0;2258500000.0;1874000000.0;-1780500000.0;190500000.0;406500000.0;;4248500000.0;157982500000.0;355408500000.0;65960000000.0;19827500000.0;23049003887.848755;41247500000.0;6632500000.0;-2218500000.0;-4809500000.0;8383250000.0;4295000000.0;131000000.0;332500000.0;1609000000.0;12527500000.0;-12666666.666666664;436500000.0;6250000.0;626000000.0;14500000.0;58000000.0;-49000000.0;364000000.0;19732500000.0;364000000.0;-203500000.0;422500000.0;3451500000.0;43000000.0;4736500000.0;20749500000.0;;-70250000.0;440500000.0;4426000000.0;248858000000.0;27492500000.0;;419826500000.0;67916500000.0;70115000000.0;2831000000.0;190793500000.0;197426000000.0;-1000000.0;3500000.0;7854000000.0;225822000000.0;51.478885650634766
2019-03-31;42090000000.0;2748000000.0;-18782000000.0;356189000000.0;51576000000.0;4586000000.0;4586000000.0;15476000000.0;3132000000.0;182000000.0;3314000000.0;59336000000.0;21794000000.0;19134000000.0;28022076144.51894;27287000000.0;4571000000.0;4430000000.0;13979000000.0;5765793749.17659;280000000.0;6060000000.0;4289000000.0;1709000000.0;1883000000.0;1793000000.0;-2257000000.0;181000000.0;422000000.0;;4353000000.0;158168000000.0;356189000000.0;66632000000.0;19031000000.0;23340995997.794067;42068000000.0;6799000000.0;-1044000000.0;-5793000000.0;8338000000.0;2350000000.0;56000000.0;358000000.0;1553000000.0;13982000000.0;10000000.0;749000000.0;4500000.0;908000000.0;26000000.0;52000000.0;-42000000.0;270000000.0;20737000000.0;270000000.0;-209000000.0;421000000.0;3505000000.0;43000000.0;5199000000.0;20051000000.0;;-74000000.0;107000000.0;2406000000.0;248563000000.0;27105000000.0;;420498000000.0;61646000000.0;63625000000.0;2770000000.0;191222000000.0;198021000000.0;-4000000.0;4000000.0;7405000000.0;225970000000.0;62.38568115234375
2019-06-30;41480000000.0;2612000000.0;-18205000000.0;360729000000.0;51743000000.0;4213000000.0;4213000000.0;15639000000.0;3707000000.0;391000000.0;4098000000.0;64459000000.0;26195000000.0;16143389812.268148;27364058941.20888;26846000000.0;4631000000.0;4181000000.0;14379000000.0;5862023823.025847;333000000.0;6253000000.0;4632000000.0;1359000000.0;1241000000.0;1652666666.6666667;-1190666666.6666665;216000000.0;437333333.3333333;;4456000000.0;162264000000.0;360729000000.0;70287000000.0;19001000000.0;21562952021.19984;42533000000.0;7088000000.0;2232333333.333333;-5984333333.333333;7650000000.0;3130000000.0;261000000.0;313000000.0;1563000000.0;15600000000.0;10000000.0;600000000.0;2750000.0;707000000.0;34000000.0;50000000.0;-40000000.0;270000000.0;22127000000.0;241000000.0;-212666666.66666663;382333333.3333333;3576333333.333333;43666666.66666666;5447666666.666667;19822000000.0;;-18000000.0;100000000.0;3391000000.0;250853000000.0;27132000000.0;;419913000000.0;67491000000.0;69091000000.0;2827000000.0;191377000000.0;198465000000.0;-35000000.0;38000000.0;7675000000.0;225970000000.0;59.10921096801758
2019-09-30;40541000000.0;2458000000.0;-19277000000.0;359361000000.0;50008000000.0;5351000000.0;5351000000.0;15795000000.0;2098000000.0;14000000.0;2112000000.0;60328000000.0;21196000000.0;21258299136.25459;26834224025.19547;26513000000.0;4873000000.0;4232000000.0;13131000000.0;5680069000.714926;299000000.0;6218000000.0;4721000000.0;1196000000.0;1474000000.0;1512333333.3333333;-124333333.33333324;232000000.0;452666666.6666667;;4459000000.0;162252000000.0;359361000000.0;64195000000.0;25950000000.0;22494549110.21113;42920000000.0;7194000000.0;5508666666.666667;-6175666666.666667;6962000000.0;3170000000.0;77000000.0;357000000.0;1759000000.0;15921000000.0;-56000000.0;-1424000000.0;1000000.0;-1135000000.0;-103000000.0;50000000.0;-105000000.0;270000000.0;21997000000.0;431000000.0;-216333333.3333333;343666666.6666667;3647666666.6666665;44333333.333333336;5696333333.333333;19365000000.0;;38000000.0;93000000.0;3247000000.0;250512000000.0;25308000000.0;;419367000000.0;63422000000.0;65049000000.0;2753000000.0;189915000000.0;197109000000.0;-228000000.0;-47000000.0;7676000000.0;225970000000.0;55.19325637817383
2020-03-31;35815000000.0;1203000000.0;-24339000000.0;355804000000.0;50249000000.0;11412000000.0;11412000000.0;15636000000.0;-5456000000.0;-672000000.0;-6128000000.0;56416000000.0;27755000000.0;23402945896.341816;24863000000.0;26513000000.0;5819000000.0;4024000000.0;12067000000.0;5751367261.668736;288000000.0;6458000000.0;-258000000.0;775000000.0;512000000.0;1372000000.0;942000000.0;249000000.0;468000000.0;;4434000000.0;167061000000.0;355804000000.0;64773000000.0;31857000000.0;23460070125.63098;42981000000.0;6664000000.0;8785000000.0;-6367000000.0;6274000000.0;-610000000.0;-160000000.0;269000000.0;1465000000.0;14165000000.0;-62000000.0;-5649000000.0;7000000.0;-5358000000.0;-87000000.0;58000000.0;-113000000.0;-1185582676.3880644;19631000000.0;249000000.0;-220000000.0;305000000.0;3719000000.0;45000000.0;5945000000.0;21913000000.0;8466000000.0;94000000.0;86000000.0;-770000000.0;248409000000.0;20871000000.0;;416919000000.0;55134000000.0;56158000000.0;2579000000.0;182079000000.0;188743000000.0;25000000.0;3000000.0;6832000000.0;226137000000.0;30.46893310546875
2020-06-30;33216000000.0;1102000000.0;-21617000000.0;361495000000.0;53016000000.0;12576000000.0;12576000000.0;15812000000.0;1642000000.0;131000000.0;1773000000.0;34245000000.0;22952000000.0;42082319016.06748;24725000000.0;26513000000.0;4916000000.0;3831000000.0;15028000000.0;6720463833.488915;214000000.0;6372000000.0;-1640000000.0;103000000.0;-471000000.0;1199666666.6666667;-23000000.0;317000000.0;497333333.3333333;;4629000000.0;174342000000.0;361495000000.0;57270000000.0;46563000000.0;31475026697.17317;43192000000.0;6970000000.0;3261666666.666667;-5029666666.666667;7270666666.666667;-1080000000.0;-89000000.0;271000000.0;1747000000.0;14763000000.0;52000000.0;2875000000.0;8000000.0;2942000000.0;136000000.0;57000000.0;3000000.0;-791849281.3124954;19612000000.0;225000000.0;-175666666.66666666;203666666.6666667;3719333333.3333335;47333333.333333336;4763333333.333333;22341000000.0;5644000000.0;80333333.33333333;159666666.6666667;-1169000000.0;250524000000.0;19036000000.0;;412124000000.0;32277000000.0;32605000000.0;2409000000.0;180183000000.0;187153000000.0;-222000000.0;1000000.0;5154000000.0;226136000000.0;36.58124542236328
2020-09-30;33340000000.0;1217000000.0;-20189000000.0;358043000000.0;48693000000.0;8832000000.0;8832000000.0;15997000000.0;748000000.0;92000000.0;840000000.0;46571000000.0;21911000000.0;35498174466.81666;24467000000.0;;4983000000.0;3486000000.0;13162000000.0;6207519753.763624;188000000.0;6584000000.0;-372000000.0;517000000.0;337000000.0;1027333333.3333333;-988000000.0;279000000.0;526666666.6666667;;4723000000.0;173431000000.0;358043000000.0;56468000000.0;46888000000.0;26668952162.51747;43609000000.0;7212000000.0;-2261666666.666666;-3692333333.3333335;8267333333.333333;-680000000.0;-29000000.0;272000000.0;2002000000.0;15245000000.0;74000000.0;1469000000.0;57000000.0;1549000000.0;140000000.0;62000000.0;69000000.0;-459116834.7697619;20025000000.0;257000000.0;-131333333.33333331;102333333.33333334;3719666666.6666665;49666666.66666666;3581666666.6666665;22097000000.0;2822000000.0;66666666.66666667;233333333.3333333;-709000000.0;250496000000.0;19974000000.0;;407728000000.0;45425000000.0;46199000000.0;2444000000.0;177400000000.0;184612000000.0;-192000000.0;2500000.0;7352000000.0;226136000000.0;28.63616180419922
2021-03-31;41017000000.0;948000000.0;-16090000000.0;333770000000.0;48195000000.0;3515000000.0;3515000000.0;15884000000.0;3345000000.0;146000000.0;3491000000.0;55555000000.0;18185000000.0;31236295610.53338;18113000000.0;;5004000000.0;3279000000.0;13740000000.0;5877849301.22937;164000000.0;6889000000.0;3592000000.0;1473000000.0;796000000.0;855000000.0;-1953000000.0;258000000.0;556000000.0;;4617000000.0;169669000000.0;333770000000.0;60150000000.0;45137000000.0;16483435765.856422;44181000000.0;7127000000.0;-7785000000.0;-2355000000.0;9264000000.0;2730000000.0;66000000.0;378000000.0;1568000000.0;16753000000.0;-58000000.0;149000000.0;-53000000.0;695000000.0;-168000000.0;106000000.0;-217000000.0;67709538.92290038;21155000000.0;122000000.0;-87000000.0;1000000.0;3720000000.0;52000000.0;2400000000.0;21835000000.0;0.0;53000000.0;307000000.0;2796000000.0;224641000000.0;24755000000.0;;382953000000.0;57552000000.0;59147000000.0;2428000000.0;156974000000.0;164101000000.0;-47000000.0;4000000.0;6660000000.0;225773000000.0;48.5037841796875
2021-06-30;45780000000.0;1165000000.0;-15586000000.0;337289000000.0;52842000000.0;3465000000.0;3465000000.0;16006000000.0;5194000000.0;178000000.0;5372000000.0;61435000000.0;15293000000.0;29646749754.02411;18511000000.0;;4952000000.0;3038000000.0;14711000000.0;5817428910.839069;176000000.0;6955000000.0;6307000000.0;1436000000.0;1526000000.0;1090750000.0;-1736250000.0;254000000.0;543500000.0;;4564000000.0;171733000000.0;337289000000.0;62238000000.0;45319000000.0;15522816062.039824;44774000000.0;6985000000.0;-7517000000.0;-2752500000.0;10645000000.0;4690000000.0;91000000.0;162000000.0;1562000000.0;16661000000.0;25000000.0;423000000.0;19000000.0;591000000.0;47000000.0;65000000.0;-21000000.0;206348058.31570575;20545000000.0;363000000.0;-87750000.0;517500000.0;3730000000.0;54000000.0;2777750000.0;22082000000.0;0.0;16250000.0;303500000.0;4781000000.0;223012000000.0;28540000000.0;;383922000000.0;65943000000.0;67742000000.0;2345000000.0;158571000000.0;165556000000.0;-29000000.0;2000000.0;7746000000.0;225771000000.0;55.600772857666016
2021-09-30;47257000000.0;1633000000.0;-16696000000.0;336688000000.0;55555000000.0;4768000000.0;4768000000.0;16104000000.0;5640000000.0;57000000.0;5697000000.0;64180000000.0;12966000000.0;28034763517.38098;19008000000.0;;4990000000.0;3060000000.0;15087000000.0;5714012095.437029;190000000.0;7034000000.0;9606000000.0;1670000000.0;2664000000.0;1326500000.0;-1519500000.0;214000000.0;531000000.0;;4520000000.0;169182000000.0;336688000000.0;61856000000.0;43639000000.0;16212970901.386627;45641000000.0;6917000000.0;-7249000000.0;-3150000000.0;12026000000.0;6750000000.0;192000000.0;146000000.0;1664000000.0;16697000000.0;-76000000.0;-1625000000.0;-26000000.0;-1245000000.0;-184000000.0;60000000.0;-162000000.0;766447676.6626413;20559000000.0;224000000.0;-88500000.0;1034000000.0;3740000000.0;56000000.0;3155500000.0;21060000000.0;0.0;-20500000.0;300000000.0;6942000000.0;218795000000.0;29516000000.0;;386952000000.0;71892000000.0;73786000000.0;2287000000.0;160589000000.0;167506000000.0;-3000000.0;0.0;7889000000.0;225771000000.0;52.63059997558594
2021-12-31;55379000000.0;2652500000.0;-14805000000.0;345729500000.0;66405000000.0;7921000000.0;7921000000.0;15991500000.0;5985000000.0;208000000.0;6193000000.0;73062000000.0;8926000000.0;26243195569.895;19270500000.0;;6936500000.0;2967500000.0;16580500000.0;6037675634.746807;181500000.0;7770000000.0;9081000000.0;2104000000.0;2735000000.0;1562250000.0;-1302750000.0;201000000.0;518500000.0;;4311500000.0;173713500000.0;345729500000.0;66957500000.0;43145000000.0;15453405010.745132;45985000000.0;7114000000.0;-6981000000.0;-3547500000.0;13407000000.0;6115000000.0;231000000.0;127000000.0;1763000000.0;17555500000.0;-58000000.0;-442000000.0;-24000000.0;-153000000.0;-144500000.0;43500000.0;-125500000.0;982723766.9154186;21715500000.0;226000000.0;-89250000.0;1550500000.0;3750000000.0;58000000.0;3533250000.0;19657500000.0;0.0;-57250000.0;296500000.0;6346000000.0;215784000000.0;35829000000.0;;390365500000.0;79813000000.0;82143000000.0;2348000000.0;164902000000.0;172016000000.0;-6000000.0;1000000.0;7721500000.0;225464000000.0;55.48701858520508
2022-03-31;63501000000.0;3672000000.0;-12914000000.0;354771000000.0;77255000000.0;11074000000.0;11074000000.0;15879000000.0;6330000000.0;359000000.0;6689000000.0;81944000000.0;4886000000.0;24451627622.40901;19533000000.0;;8883000000.0;2875000000.0;18074000000.0;6361339174.056583;173000000.0;8506000000.0;8556000000.0;2538000000.0;2806000000.0;1798000000.0;-1086000000.0;188000000.0;506000000.0;;4103000000.0;178245000000.0;354771000000.0;72059000000.0;42651000000.0;14463417761.63623;46329000000.0;7311000000.0;-6713000000.0;-3945000000.0;14788000000.0;5480000000.0;270000000.0;108000000.0;1862000000.0;18414000000.0;-40000000.0;741000000.0;-22000000.0;939000000.0;-105000000.0;27000000.0;-89000000.0;1198999857.1681955;22872000000.0;228000000.0;-90000000.0;2067000000.0;3760000000.0;60000000.0;3911000000.0;18255000000.0;0.0;-94000000.0;293000000.0;5750000000.0;212773000000.0;42142000000.0;;393779000000.0;87734000000.0;90500000000.0;2409000000.0;169215000000.0;176526000000.0;-9000000.0;2000000.0;7554000000.0;227529000000.0;75.72276306152344
2022-06-30;67958000000.0;4785000000.0;-15017000000.0;367774000000.0;93163000000.0;18861000000.0;18861000000.0;16018000000.0;15747000000.0;547000000.0;16294000000.0;90748000000.0;7367000000.0;19517017643.3016;20807000000.0;;4451000000.0;2617000000.0;19580000000.0;6512332508.581349;286000000.0;7942000000.0;24933000000.0;3688000000.0;6359000000.0;2449500000.0;-739000000.0;194000000.0;516250000.0;;4005000000.0;183266000000.0;367774000000.0;80110000000.0;39516000000.0;19615720101.11264;46820000000.0;7192000000.0;-7161500000.0;-4190000000.0;15176250000.0;17850000000.0;724000000.0;120000000.0;2654000000.0;18632000000.0;-83000000.0;-2537000000.0;-68000000.0;-2280000000.0;-155000000.0;30000000.0;-181000000.0;3716675369.341549;22808000000.0;728000000.0;-90000000.0;2635250000.0;3754500000.0;73750000.0;4286250000.0;17408000000.0;5000000.0;-74500000.0;433250000.0;18574000000.0;209159000000.0;48063000000.0;;407902000000.0;111265000000.0;115681000000.0;2530000000.0;177316000000.0;184508000000.0;19000000.0;1000000.0;6868000000.0;231587000000.0;79.32345581054688
2022-09-30;62550000000.0;5325000000.0;-17803000000.0;370152000000.0;99289000000.0;30407000000.0;30464000000.0;16106000000.0;16874000000.0;199000000.0;17073000000.0;86648000000.0;6182000000.0;21828684735.728493;21274000000.0;;5642000000.0;2647000000.0;20078000000.0;7400063272.437816;218000000.0;7152000000.0;25422000000.0;4632000000.0;5224000000.0;3101000000.0;-392000000.0;209000000.0;526500000.0;;4018000000.0;177109000000.0;370152000000.0;74057000000.0;39246000000.0;27463584115.97062;50235000000.0;6943000000.0;-7610000000.0;-4435000000.0;15564500000.0;19660000000.0;538000000.0;154000000.0;2318000000.0;17526000000.0;-82000000.0;-3361000000.0;-61000000.0;-3125000000.0;-108000000.0;35000000.0;-178000000.0;2685204785.059072;23086000000.0;926000000.0;-90000000.0;3203500000.0;3749000000.0;87500000.0;4661500000.0;16799000000.0;10000000.0;-55000000.0;573500000.0;20198000000.0;203102000000.0;42411000000.0;;423877000000.0;106512000000.0;112070000000.0;2324000000.0;186100000000.0;193043000000.0;32000000.0;1000000.0;6587000000.0;236080000000.0;81.65604400634766
2022-12-31;61242500000.0;4880000000.0;-15449000000.0;369761500000.0;98256500000.0;31529000000.0;29665000000.0;16005000000.0;14239500000.0;317500000.0;14557000000.0;78204500000.0;4239000000.0;27069820262.71019;22234500000.0;;4943000000.0;2338000000.0;19768000000.0;7841958834.141598;179500000.0;7330000000.0;21112500000.0;4632000000.0;5092000000.0;3752500000.0;-45000000.0;184000000.0;536750000.0;;4101000000.0;170033000000.0;369761500000.0;70361500000.0;39198000000.0;31600145122.08293;49639500000.0;7336000000.0;-8058500000.0;-4680000000.0;15952750000.0;15545000000.0;475500000.0;160500000.0;2208000000.0;17303000000.0;-35500000.0;-1594000000.0;-6500000.0;-1463500000.0;-63500000.0;18500000.0;-60500000.0;2338608486.5770597;21733000000.0;926000000.0;-42312654.77859378;3771750000.0;3743500000.0;101250000.0;5036750000.0;13491000000.0;15000000.0;-35500000.0;713750000.0;16020500000.0;204562500000.0;40609500000.0;;432214500000.0;95078000000.0;99317000000.0;2357000000.0;192392500000.0;202473000000.0;27000000.0;1500000.0;6904000000.0;236080000000.0;100.41461944580078
2023-03-31;59935000000.0;4435000000.0;-13095000000.0;369371000000.0;97224000000.0;32651000000.0;32676000000.0;15904000000.0;11605000000.0;436000000.0;12041000000.0;69761000000.0;2296000000.0;32310955789.69188;23195000000.0;;4244000000.0;2376000000.0;19458000000.0;8283854395.845372;141000000.0;7508000000.0;16803000000.0;4632000000.0;4960000000.0;4404000000.0;302000000.0;159000000.0;547000000.0;;4184000000.0;162957000000.0;369371000000.0;66666000000.0;39150000000.0;35736706128.19538;49044000000.0;7729000000.0;-8507000000.0;-4925000000.0;16341000000.0;11430000000.0;413000000.0;167000000.0;2098000000.0;17080000000.0;11000000.0;173000000.0;48000000.0;198000000.0;-19000000.0;2000000.0;57000000.0;1992012188.095044;21387000000.0;926000000.0;-47503295.338906825;4340000000.0;3738000000.0;115000000.0;5412000000.0;10183000000.0;20000000.0;-16000000.0;854000000.0;11843000000.0;206023000000.0;38808000000.0;25000000.0;440552000000.0;83644000000.0;86564000000.0;2390000000.0;198685000000.0;206414000000.0;22000000.0;2000000.0;7221000000.0;236080000000.0;104.17987823486328
2023-06-30;54404000000.0;3482000000.0;-12657000000.0;363248000000.0;91760000000.0;29528000000.0;29557000000.0;16029000000.0;8318000000.0;373000000.0;8691000000.0;71258000000.0;3929000000.0;30481823473.434357;23460000000.0;;4242000000.0;2376000000.0;20006000000.0;8429191687.688732;133000000.0;7755000000.0;11656000000.0;1910000000.0;3503000000.0;3982500000.0;-275500000.0;249000000.0;559750000.0;;4243000000.0;156251000000.0;363248000000.0;61815000000.0;37567000000.0;35490628420.76834;47273000000.0;7951000000.0;-8375750000.0;-4838000000.0;15921750000.0;7880000000.0;273000000.0;164000000.0;2039000000.0;17479000000.0;20000000.0;514000000.0;85000000.0;538000000.0;-17000000.0;-1000000.0;106000000.0;1215636479.4953322;21387000000.0;1443617336.0879395;-48525959.04767072;4007750000.0;3755500000.0;127750000.0;5327500000.0;10278000000.0;42000000.0;-10500000.0;816250000.0;8153000000.0;206736000000.0;35915000000.0;29000000.0;444731000000.0;80795000000.0;82914000000.0;2449000000.0;199046000000.0;206997000000.0;-22000000.0;2000000.0;7563000000.0;239526427646.1803;102.77445220947266
2023-09-30;62257000000.0;4186000000.0;-13088000000.0;372259000000.0;101142000000.0;32944000000.0;32973000000.0;16165000000.0;8639000000.0;340000000.0;8979000000.0;77061000000.0;4743000000.0;28319975400.170403;23912000000.0;;4415000000.0;2376000000.0;20052000000.0;8387485121.202164;338000000.0;7710000000.0;13699000000.0;1910000000.0;4353000000.0;3561000000.0;-853000000.0;169000000.0;572500000.0;;4398000000.0;164726000000.0;372259000000.0;71186000000.0;36510000000.0;33894214408.592484;48066000000.0;7830000000.0;-8244500000.0;-4751000000.0;15502500000.0;9070000000.0;276000000.0;166000000.0;1905000000.0;17189000000.0;-15000000.0;-933000000.0;83000000.0;-367000000.0;-11000000.0;2000000.0;66000000.0;1232273101.8224683;21387000000.0;1972091396.306884;-48883175.54810846;3675500000.0;3773000000.0;140500000.0;5243000000.0;10174000000.0;64000000.0;-5000000.0;778500000.0;9346000000.0;205862000000.0;41814000000.0;29000000.0;450138000000.0;80795000000.0;90760000000.0;2489000000.0;199703000000.0;207533000000.0;-57000000.0;1000000.0;7712000000.0;243213828860.62903;111.71306610107422
2023-12-31;58037000000.0;3189000000.0;-11989000000.0;376317000000.0;96609000000.0;31539000000.0;31568000000.0;17781000000.0;7839500000.0;283000000.0;8122500000.0;73887500000.0;4090000000.0;30007988063.33569;24452000000.0;;4613500000.0;;20528000000.0;8570285115.794989;243000000.0;7743500000.0;13034000000.0;1910000000.0;4078000000.0;3139500000.0;-1430500000.0;195000000.0;585250000.0;;4592000000.0;163779000000.0;376317000000.0;65316000000.0;37483000000.0;34097211970.446;47630000000.0;7736000000.0;-8113250000.0;-4664000000.0;15083250000.0;8645000000.0;311000000.0;94500000.0;1906000000.0;17138000000.0;-5500000.0;-1100000000.0;4000000.0;-833500000.0;15500000.0;2500000.0;-4000000.0;1426367028.9723969;21064599384.708763;2031897530.257967;-91483333.0866555;3343250000.0;3790500000.0;153250000.0;5158500000.0;10496000000.0;86000000.0;500000.0;740750000.0;8956000000.0;214940000000.0;38015000000.0;29000000.0;453927000000.0;80795000000.0;86921500000.0;2492000000.0;204802000000.0;212538000000.0;-28000000.0;2500000.0;7017500000.0;243909733559.57657;99.79689025878906
2024-03-31;59531000000.0;4163000000.0;-13169000000.0;377918000000.0;99377000000.0;33320000000.0;33349000000.0;17971000000.0;7040000000.0;226000000.0;7266000000.0;70714000000.0;8227000000.0;29126276287.362183;24106000000.0;;4812000000.0;;18891000000.0;8499070758.121725;148000000.0;7777000000.0;12369000000.0;1910000000.0;3803000000.0;2718000000.0;-2008000000.0;221000000.0;598000000.0;;4600000000.0;164866000000.0;377918000000.0;71921000000.0;32213000000.0;33888893543.52202;47608000000.0;7802000000.0;-7982000000.0;-4577000000.0;14664000000.0;8220000000.0;346000000.0;23000000.0;2171000000.0;17210000000.0;4000000.0;-1267000000.0;-75000000.0;-1300000000.0;42000000.0;3000000.0;-74000000.0;1620460956.122325;21186475146.67407;2292124673.008233;-85729049.85677207;3011000000.0;3808000000.0;166000000.0;5074000000.0;10475000000.0;108000000.0;6000000.0;703000000.0;8566000000.0;213723000000.0;40366000000.0;29000000.0;458339000000.0;80953018651.20892;83083000000.0;2495000000.0;205250000000.0;213052000000.0;1000000.0;4000000.0;6323000000.0;247226675952.8578;115.12059020996094
2024-06-30;60107000000.0;4035000000.0;-13187000000.0;460707000000.0;96238000000.0;26460000000.0;26488000000.0;46781000000.0;9222000000.0;280000000.0;9502000000.0;79395000000.0;6621000000.0;26985369973.94365;40080000000.0;;5787000000.0;;19685000000.0;7910146651.759862;153000000.0;7779000000.0;13665000000.0;1910000000.0;4094000000.0;2718000000.0;-2008000000.0;271000000.0;598000000.0;;4818000000.0;184441000000.0;460707000000.0;70763000000.0;36565000000.0;31297965809.058853;47948000000.0;7861000000.0;-7982000000.0;-4577000000.0;14664000000.0;9240000000.0;331000000.0;34000000.0;2176000000.0;18238000000.0;-10000000.0;-115000000.0;69000000.0;-69000000.0;-29000000.0;5000000.0;54000000.0;1537277844.4866414;23381247952.99497;2323019832.263094;-439869896.4564967;3011000000.0;3808000000.0;166000000.0;5074000000.0;10398000000.0;108000000.0;6000000.0;703000000.0;9571000000.0;298283000000.0;43071000000.0;28000000.0;463294000000.0;80445741500.5673;93060000000.0;2568000000.0;268405000000.0;276266000000.0;107000000.0;115000000.0;6579000000.0;198090502711.49545;114.04186248779297
